3359 4225
665 495 1016 576 HYMENAEUS
1131 506 1229 591 [Aer.
1244 528 1277 591 4,
1293 506 1390 573 Sca·

412 706 481 756 tum
496 707 658 774 properato
673 713 750 774 opus
764 706 820 772 est,
833 692 895 755 iam
910 690 1047 773 lucescit,
1058 692 1168 774 nequis
1178 713 1235 755 nos
1246 706 1391 774 sequatm

1258 780 1390 861 [metuo.

340 912 348 930 .
413 864 546 945 Eccum,
570 864 714 950 Bargule,
737 866 857 947 cistam,
880 866 911 927 in
939 887 1007 928 eam
1034 886 1162 948 propere
1188 865 1391 951 conijciamus

403 974 432 1015 ⁵o
455 952 538 1015 furto
559 968 645 1035 parta
666 968 792 1038 gustum
814 974 908 1036 quam
930 974 1056 1015 suavem
1079 948 1212 1016 habent!
1257 951 1389 1036 [omnia.

353 1085 362 1102 .
415 1038 644 1121 Suavissimum,
668 1038 761 1102 modo
783 1039 861 1102 absit
883 1037 1121 1102 condimentum
1143 1061 1222 1103 acre.

340 1173 348 1189 .
416 1125 536 1190 Cistam
559 1125 702 1189 tollamus
725 1141 756 1187 et
778 1125 975 1189 abscedamus
997 1127 1069 1189 cito.

354 1260 362 1276 .
417 1214 489 1297 Jam
505 1214 542 1275 ad
558 1215 704 1296 cauponis
719 1212 800 1275 aedes
815 1214 1007 1293 accessimus,
1018 1234 1193 1294 cauponem
1206 1212 1390 1294 excitemus,

413 1300 614 1381 ponderosam
637 1298 813 1363 mehercule
835 1300 970 1382 praedam
993 1301 1075 1362 nacti
1098 1321 1215 1364 sumus.
1360 1330 1390 1365 ιο

341 1432 349 1449 .
416 1385 537 1469 Caupo,
559 1409 657 1473 surge,
679 1386 771 1469 aperi.

752 1472 834 1546 Quis
858 1495 941 1536 meas
962 1488 1027 1535 tam
1050 1494 1142 1536 mane
1164 1472 1264 1555 pultat
1287 1471 1390 1537 fores?

416 1557 540 1624 Patroni
564 1561 620 1641 tui,
642 1582 731 1646 surge
754 1561 880 1642 inquam
903 1578 934 1623 et
956 1561 1048 1643 aperi.

355 1693 362 1709 .
418 1647 503 1711 Hem
517 1669 722 1730 congerrones
737 1647 923 1729 lepidissimi,
939 1669 1017 1709 num
1038 1647 1174 1729 praedam
1193 1648 1276 1711 nacti
1298 1645 1389 1711 estis?

353 1779 361 1797 .
415 1733 601 1816 Opimam„

604 1844 639 1883 ea
660 1819 777 1884 alendae
800 1819 947 1884 conducit
970 1820 1106 1903 familiae,

415 1909 491 1971 mihi
516 1909 547 1970 in
570 1910 628 1971 hac
651 1908 753 1990 praeda
774 1929 841 1990 pars
864 1909 964 1970 inerit.
1359 1934 1389 1986 15

354 2041 362 2058 .
416 1994 459 2059 Et
482 1997 513 2058 in
536 1994 698 2077 suspendio
721 1996 807 2075 item,
830 1996 855 2057 si
877 1995 952 2077 quid
973 1996 1148 2078 contigerit.

414 2082 475 2146 iam
499 2105 565 2162 nos,
588 2104 697 2165 caupo,
720 2082 823 2145 statim
846 2081 1016 2145 dormitum
1039 2082 1160 2163 ibimus,

415 2171 517 2251 praeda
539 2171 700 2251 dividetur,
722 2169 772 2231 vbi
795 2168 997 2255 vigilabimus.

355 2302 362 2319 .
419 2257 462 2318 Hi
485 2272 557 2320 sunt
579 2258 632 2340 qui
655 2271 792 2319 nostram
815 2272 914 2319 artem
937 2254 1129 2337 suffirlciunt,

413 2366 530 2427 nosque
552 2344 598 2406 his
619 2344 751 2406 vicissim
774 2343 924 2405 tradimus
944 2364 1050 2424 operas
1071 2358 1204 2406 mutuas.

416 2430 536 2513 Hospes
557 2431 581 2493 si
603 2431 753 2514 quispiam
776 2430 854 2492 bene
876 2445 1056 2493 nummatus
1077 2428 1210 2507 advolet,

416 2519 516 2601 rogito
537 2540 599 2600 qua
620 2519 669 2580 via
691 2519 748 2580 iter
771 2517 872 2598 faciat,
894 2538 972 2598 quos
994 2516 1104 2580 habeat
1126 2517 1265 2580 comites.

416 2606 439 2667 si
462 2621 613 2687 oportune
637 2626 683 2667 res
704 2604 792 2666 nobis
814 2603 969 2684 ceciderit,

417 2693 555 2754 immitto
577 2713 668 2754 canes
689 2692 745 2753 hos
767 2711 888 2773 sagaces
911 2691 1077 2770 venaticos,

415 2781 468 2862 qui
491 2781 514 2842 si
538 2780 602 2841 eius
624 2779 751 2861 vestigia
773 2777 958 2858 invenerint,

416 2888 489 2929 eum
512 2866 605 2928 odore
627 2880 692 2928 tam
716 2879 941 2946 persequuntur
961 2865 1083 2945 acriter,
1109 2891 1113 2900 ·

416 2967 450 3016 vt
472 2954 529 3016 nisi
552 2951 655 3034 praeda
676 2967 766 3033 capta
787 2972 948 3032 nunquam
971 2951 1107 3013 redeant.

418 3040 474 3104 Est
496 3038 572 3102 adeo
595 3040 626 3101 in
650 3039 706 3100 hac
729 3038 853 3100 civitate
875 3037 1029 3119 quoddam
1052 3058 1149 3120 genus
1171 3036 1338 3102 hominum

418 3127 627 3209 imperiosum,
649 3125 824 3207 superbum,
847 3138 1004 3207 argutum,
1026 3123 1239 3206 sophisticum,

417 3236 493 3297 quos
513 3235 576 3276 vno
597 3213 690 3276 verbo
712 3209 863 3275 scholares
884 3212 1057 3273 nominant.
1362 3242 1395 3292 30

416 3301 454 3365 ln
478 3321 585 3364 eorum
608 3320 786 3383 quenquam
809 3298 833 3360 si
858 3319 977 3380 possem
1000 3297 1144 3377 incidere,

417 3404 450 3452 vt
473 3410 558 3451 meos
581 3388 612 3449 in
636 3385 724 3448 illum
747 3383 864 3448 catulos
887 3381 1109 3448 immitterem!

417 3476 485 3538 Nos
508 3472 772 3555 enimoppidani,
795 3471 848 3555 qui
872 3469 1032 3535 Patavium
1056 3470 1231 3554 incolimus,
