3359 4225
681 475 993 619 Pnocoous

369 750 401 798 et
423 735 496 798 vitae
520 750 552 797 et
573 733 668 818 Juliae
691 734 842 798 adamatae
868 735 1045 798 restituitur.

370 821 455 905 Ergo
479 822 657 908 Hymenaeo
678 823 731 904 qui
755 823 862 885 favetis
883 822 971 898 mihi,

371 910 451 972 hanc
473 906 609 971 fabulam
632 908 739 971 faciles
756 931 826 971 meo
849 910 977 970 nomine
999 906 1138 989 accipite.

371 996 467 1077 Nam,
489 995 573 1077 quod
595 994 721 1077 quidam
744 994 888 1057 dictitant
911 994 1066 1075 malevoli,

371 1082 504 1146 alienam
526 1104 582 1145 nos
604 1081 675 1145 dare
697 1082 782 1145 vobis
803 1080 988 1145 comaediam

371 1169 483 1233 vestitu
505 1190 586 1232 novo
609 1171 805 1231 immutatam
828 1168 998 1251 pardulum,

371 1272 426 1320 aut
446 1278 533 1319 suam
556 1256 648 1319 nimis
670 1256 804 1337 produnt
827 1256 990 1336 inscitiam,

371 1359 425 1407 aut
448 1343 484 1427 (si
507 1342 601 1405 videri
624 1344 799 1429 ignorantes
820 1342 944 1426 nolunt)
968 1342 1126 1405 malitiam.

373 1429 462 1493 Nam
483 1430 557 1493 huic
579 1429 741 1493 comaediae
765 1428 849 1492 dedit
871 1428 945 1492 olim
969 1430 1129 1492 materiam

373 1516 440 1599 plus
461 1517 606 1579 trecentis
628 1517 702 1578 hinc
724 1516 813 1578 annis
835 1517 867 1578 in
891 1513 1067 1579 Decamero
1089 1514 1244 1596 Bocatius,

373 1625 447 1667 cum
469 1604 648 1689 chirurgum
673 1601 813 1686 Rogerus
835 1604 996 1666 inhoneste
1018 1602 1144 1665 falleret.

373 1690 412 1755 In
434 1712 529 1773 quam
552 1691 576 1753 si
600 1688 700 1771 plures
723 1689 886 1752 inciderint
910 1690 1006 1771 inscii,

373 1777 457 1861 quod
479 1798 535 1839 nos
558 1778 712 1840 nescimus
732 1775 799 1859 (sed
822 1791 854 1839 vt
878 1777 985 1840 videtis
1008 1791 1108 1858 potest
1131 1773 1212 1858 fieri)

373 1879 509 1928 vestrum
534 1864 683 1925 iudicium
705 1863 743 1925 sit
765 1878 869 1926 vtrum
893 1864 1026 1945 probetis
1048 1863 1156 1947 magis.

374 1950 529 2032 Personas,
550 1964 708 2027 ornatum,
731 1951 876 2033 exiguam
897 1948 1128 2031 supellectilem,

373 2036 532 2122 finemque
553 2036 629 2100 adeo
651 2051 754 2099 nostra
776 2058 839 2099 esse
861 2037 1008 2119 spondeo,

373 2148 431 2189 nec
453 2148 472 2188 a
492 2126 637 2209 quopiam
661 2139 803 2187 mutuata
825 2128 946 2206 propter
969 2125 1114 2207 inopiam.

373 2213 427 2294 Et,
450 2213 473 2276 si
496 2211 637 2293 exempla
658 2211 798 2274 conferre
820 2210 922 2290 liceat,

374 2301 444 2362 haec
466 2321 484 2361 a
507 2297 625 2383 Bocatij
650 2296 752 2360 fabula
774 2297 866 2381 longe
889 2298 985 2380 magis
1008 2313 1053 2360 est
1075 2297 1143 2379 alia,

373 2408 468 2471 quam
490 2407 509 2448 a
530 2383 645 2449 Colace
667 2382 834 2446 Menandri
859 2383 1030 2447 Eunuchus
1051 2385 1208 2471 Terentij.

373 2472 440 2537 Vos
460 2493 533 2555 ergo
553 2471 673 2534 animos
695 2493 746 2533 me
768 2485 896 2554 rogante
916 2471 1076 2552 advortite,

373 2560 485 2644 quibus
506 2580 564 2641 ego
586 2558 666 2621 hanc
688 2557 779 2639 cupio
802 2557 920 2639 placere
942 2557 1089 2622 fabulam.

372 2645 502 2731 quodsi
525 2645 657 2728 benigne
678 2645 841 2728 quisquam
864 2643 1034 2708 auscultare
1057 2644 1199 2727 noluerit,

374 2747 502 2816 exurgat
524 2732 612 2812 foras,
634 2746 666 2793 et
689 2732 769 2794 bona
790 2753 864 2794 cum
886 2732 976 2793 venia
996 2730 1143 2814 ambulet,

373 2835 408 2883 vt
429 2822 468 2883 sit
489 2819 540 2881 vbi
562 2818 697 2898 sedeant,
720 2819 773 2902 qui
795 2816 966 2881 auscultare
988 2818 1093 2883 velint.
