3359 4225
329 504 382 606 48

329 699 400 765 Ero.

331 787 398 853 Got.

329 961 412 1026 Duu.

709 493 1060 608 HYMENAEos
1175 512 1441 600 [renasca

457 698 526 788 Ego
549 700 633 764 illam
656 701 724 779 tibi,
747 700 883 781 sceleste,
906 699 1045 784 linguam
1068 700 1283 782 comprimam.

455 784 547 852 Dum
570 786 620 851 ille
643 787 718 869 exit,
741 809 798 872 ego
820 788 859 850 ad
881 789 992 850 herum
1014 802 1177 869 transeam,

460 891 495 939 vt
517 896 590 938 eum
613 876 742 938 istorum
764 876 928 937 certiorem
951 874 1072 937 faciam.

458 961 581 1048 Inijcite
605 960 663 1025 illis
684 961 828 1024 omnibus
850 977 993 1025 actutum
1016 983 1134 1025 manus
1402 979 1436 1042 85

461 1048 517 1136 Dij
541 1047 739 1127 immortales
762 1049 813 1111 vbi
838 1049 899 1110 iam
923 1048 1053 1130 probum
1077 1048 1214 1111 invenies
1235 1048 1348 1131 virum,

458 1158 554 1219 quem
575 1158 634 1199 nec
656 1133 745 1198 vultu
767 1150 854 1218 potes
877 1157 935 1197 nec
958 1136 1051 1197 verbo
1073 1135 1304 1200 internoscere?

460 1222 523 1286 Hic
544 1224 597 1307 qui
620 1244 651 1285 se
673 1222 767 1285 modo
790 1237 821 1284 et
843 1243 913 1285 suos
935 1222 1070 1303 hospites

460 1325 547 1373 tanta
568 1308 704 1373 defendit
726 1309 891 1372 verborum
913 1310 1095 1389 constantia,

460 1419 531 1460 ecce
555 1411 691 1478 repertus
712 1411 757 1458 est
779 1396 870 1459 huius
891 1395 965 1459 furti
989 1396 1139 1477 conscius,

459 1483 534 1547 dum
557 1484 647 1547 hosce
670 1482 707 1545 ad
730 1505 793 1545 sese
815 1484 914 1546 sciens
936 1483 1052 1565 recipit.

461 1571 523 1633 Hic
545 1570 721 1633 invenimus
742 1591 860 1633 merces
884 1568 959 1647 illas,
981 1591 1057 1652 quas
1078 1569 1258 1652 quaerimus,

459 1658 492 1720 hi
514 1679 581 1720 rem
603 1678 731 1719 omnem
754 1656 890 1719 fatentur
912 1655 1094 1737 planissime.

400 1791 408 1809 .
462 1744 522 1808 Vae
542 1744 637 1808 vobis.
682 1765 735 1805 vos
753 1765 803 1805 me
824 1744 989 1806 honestum
1009 1745 1078 1806 satis
1098 1744 1285 1826 corrupistis,
1300 1745 1435 1828 pessimi,

459 1847 491 1895 et
513 1853 565 1895 me
587 1831 720 1893 invitum
743 1830 781 1892 ad
803 1832 863 1893 hoc
885 1831 1016 1893 traxistis
1037 1831 1166 1893 furtum.
1401 1861 1434 1915 95

387 1966 394 1983 .
457 1918 528 1984 Imo
550 1918 687 2001 profecto
710 1918 760 1981 hic
783 1915 947 1980 consilium
969 1918 1085 1999 primus
1107 1916 1202 1998 dedit,

458 2028 606 2089 suamque
628 2004 716 2068 nobis
739 2027 830 2086 opem
853 2019 898 2067 est
919 2002 999 2066 vltro
1021 2003 1185 2086 pollicitus.

403 2141 412 2158 .
458 2092 544 2157 Bene
567 2107 621 2155 est.
666 2093 736 2155 haec
758 2091 819 2155 alio
841 2107 1067 2177 cognoscentur
1088 2090 1166 2156 loco.

326 3140 395 3206 Got.

459 2196 529 2245 tum
551 2202 582 2243 se
606 2180 741 2243 fatentur
764 2180 872 2243 cistam
894 2179 1070 2260 surripuisse
1093 2177 1200 2264 Lucij,

460 2270 491 2331 in
513 2289 607 2351 quam
629 2265 780 2330 sublatam
803 2266 940 2348 praedam
963 2265 1168 2348 imponerent.
1386 2299 1436 2337 ιω

460 2355 522 2418 Vbi
546 2353 596 2418 illa
617 2354 693 2416 cista
714 2352 782 2416 est?
812 2351 961 2415 educatur
983 2353 1070 2415 foras.
1161 2351 1311 2436 [Pantom.
1327 2354 1437 2423 intrat.

457 2443 536 2505 bene
554 2462 679 2522 operam
698 2439 896 2521 collocamus,
912 2439 1029 2502 inventi
1046 2440 1138 2522 fures,
1153 2455 1222 2503 tum
1237 2443 1331 2506 etiam
1346 2442 1436 2526 alius,

458 2530 545 2592 cuius
566 2550 656 2591 causa
677 2550 741 2612 quo
762 2549 887 2590 evasura
908 2528 947 2589 sit
968 2526 1102 2590 demiror
1124 2527 1226 2591 nimis

457 2617 487 2681 Si
513 2616 588 2699 quid
611 2615 791 2693 meruerim,
815 2636 879 2677 non
902 2635 1008 2677 recuso
1029 2613 1225 2696 supplicium.

404 2750 412 2768 .
456 2703 523 2766 Vos
546 2724 596 2765 me
618 2702 793 2786 sequimini,
816 2717 850 2763 vt
872 2702 945 2764 huic
968 2702 1010 2763 rei
1033 2701 1141 2764 demus
1163 2723 1300 2783 operam.
1386 2733 1434 2785 105

615 2871 785 2944 ACTUS
811 2898 847 2960 4.
901 2870 1067 2942 SCENA
1095 2882 1141 2967 5².

687 3012 892 3095 Pantomagus.
939 3012 1069 3077 Gothrio.

455 3140 545 3203 Num
568 3160 639 3201 vera
660 3136 715 3200 tibi
738 3137 875 3216 tandem,
898 3137 982 3217 here,
1003 3135 1113 3199 dixisse
1135 3137 1250 3218 videor,

456 3227 678 3309 deprehensum
701 3247 763 3287 esse
787 3246 841 3306 pro
864 3223 930 3285 fure
954 3222 1163 3305 Erophilum?

326 3314 432 3379 Panto.
455 3314 528 3398 Jam
551 3335 602 3375 me
625 3313 666 3398 dij
690 3312 799 3394 opinor
821 3311 956 3372 nimium
980 3309 1123 3394 diligunt,

456 3403 497 3464 ita
520 3423 570 3463 me
592 3399 702 3483 amplis
724 3396 881 3483 beneficijs
903 3413 1043 3460 onerant.

456 3485 562 3552 Primo
584 3488 656 3550 artis
677 3486 774 3572 gratia
796 3508 847 3548 me
870 3484 979 3548 colunt
1000 3483 1131 3566 publice.
