3359 4225
706 521 1056 600 HYMENAEUS
1177 531 1441 615 [Aer.1,sc.5'·

459 735 564 779 annon
580 716 688 780 doctus
703 715 796 780 satis?
819 738 914 780 nemo
928 717 1087 800 (inquam)
1102 738 1134 779 se
1151 716 1251 779 iudice
1266 716 1395 780 doctior.

458 801 520 865 iam
542 824 600 886 ego
622 803 689 884 tibi,
711 804 885 885 Alphonse,
908 805 1031 884 nuntio,

459 909 500 951 ne
522 890 627 971 primis
648 891 734 953 hunc
756 889 847 954 labris
868 906 1003 973 gustasse
1024 889 1134 953 literas.

460 974 506 1038 At
529 998 587 1060 ego
609 977 741 1060 (inquit)
763 977 801 1039 de
823 978 958 1059 corporis
981 977 1110 1040 humani
1133 977 1260 1058 fabrica,

459 1062 605 1144 praeclare
626 1064 886 1127 sermocinantem
908 1085 981 1127 eum
1003 1086 1085 1146 saepe
1106 1063 1222 1145 audivi,
1402 1092 1433 1143 ⁵⁵

457 1171 516 1213 nec
538 1150 630 1213 credo
652 1150 736 1233 quod
758 1151 842 1214 dicis.
886 1173 944 1234 ego
965 1151 989 1214 si
1013 1166 1214 1235 aegrotavero,

456 1258 507 1299 me
531 1236 573 1299 illi
596 1237 719 1300 credam
742 1259 804 1319 prae
828 1238 949 1301 cunctis
972 1234 1098 1322 Patavij.

456 1324 508 1386 sed
531 1346 595 1386 non
618 1325 678 1388 hoc
700 1346 818 1407 quaero,
840 1325 1017 1406 perveniam
1039 1346 1103 1407 quo
1124 1322 1204 1387 volo.

457 1410 618 1474 indoctum
640 1432 702 1474 esse
724 1411 807 1474 dicis.
837 1410 917 1474 dico.
948 1425 980 1473 at
1002 1410 1167 1494 opulentus
1189 1425 1243 1491 est,

456 1519 520 1559 non
543 1519 632 1581 nego.
678 1512 710 1561 et
732 1520 833 1560 meam
856 1499 946 1560 vnice
967 1514 1051 1560 amat
1073 1496 1200 1581 Juliam.
1397 1513 1432 1564 6ο

455 1585 573 1646 vtinam
597 1586 667 1647 haec
689 1584 777 1647 illum
800 1585 934 1649 vicissim
956 1590 1073 1647 amaret
1094 1583 1212 1664 stolida,

455 1685 524 1733 tum
546 1670 655 1734 stolida
676 1672 822 1735 stolidum
846 1672 980 1734 invicem
1002 1672 1160 1755 (inquam)
1183 1670 1354 1755 diligerent.

455 1759 514 1820 hoc
536 1759 587 1820 vbi
610 1757 680 1820 dico
702 1759 796 1821 iratus
817 1759 894 1844 abijt
917 1758 1009 1821 illico.

388 1891 395 1908 .
454 1843 512 1907 Tu
527 1867 600 1908 vero
622 1845 747 1907 obsecro
768 1846 883 1924 adiuta,
906 1843 1048 1925 Camille,

451 1954 514 2015 quo
537 1932 613 1995 mihi
636 1953 709 1996 cum
732 1931 783 1995 illa
804 1931 949 2016 loquendi
972 1930 1026 1994 liat
1048 1931 1145 2013 copia.

454 2019 563 2084 Inveni
586 2020 680 2100 viam,
702 2017 766 2101 liet,
789 2041 829 2082 ne
852 2034 981 2082 metuas.

455 2107 535 2189 Fiet,
558 2105 743 2189 respondes?
773 2105 897 2189 respiro,
920 2106 996 2169 cedo
1018 2127 1158 2169 manum.

454 2192 506 2257 En
528 2194 673 2276 spondeo.

709 2295 741 2344 et
762 2302 820 2366 ego
843 2302 894 2342 me
915 2281 1011 2342 vitam
1034 2280 1089 2342 tibi
1112 2278 1222 2342 debere
1245 2279 1424 2362 respondeo.

452 2367 503 2432 sed
525 2368 650 2451 quando
671 2383 725 2430 aut
746 2388 809 2451 quo
831 2365 885 2429 fiet
907 2368 966 2429 hoc
989 2363 1106 2428 modo?

402 2502 409 2517 .
455 2454 518 2518 Vel
541 2477 624 2536 mox,
647 2469 740 2538 atque
761 2454 831 2516 audi
856 2475 946 2536 porro
968 2452 1118 2516 ordinem.
1391 2479 1424 2532 70

451 2541 541 2605 hodie
563 2563 656 2604 senex
678 2540 731 2604 dat
752 2539 900 2622 natalitia,

449 2630 499 2694 cui
522 2627 728 2715 gratificatum
750 2628 868 2711 aliquot
890 2628 933 2690 ire
954 2626 1155 2707 decrevimus,

448 2731 482 2779 vt
504 2716 656 2798 personati
678 2738 717 2778 ex
738 2737 825 2777 more
848 2715 996 2777 ducamus
1017 2715 1151 2777 choreas.

450 2804 517 2866 Hos
540 2804 621 2866 inter
642 2817 709 2865 tute
730 2800 866 2882 accedas,
889 2799 1047 2882 Erophile,

447 2905 653 2973 praeterquam
675 2889 728 2950 vni
751 2888 828 2950 mihi
852 2888 1027 2970 incognitus
1049 2885 1182 2969 reliquis,
1389 2918 1420 2972 75

447 2999 505 3060 ego
528 2975 710 3039 familiarem
733 2974 790 3037 illis
813 2974 967 3036 redicam
989 2996 1105 3036 meum.

446 3079 560 3127 caetera
581 3085 675 3125 nemo
697 3077 751 3143 est,
775 3061 828 3145 qui
852 3061 925 3123 velit
947 3061 1108 3143 requirere.

315 3151 386 3216 Ero.
447 3149 480 3215 O
502 3149 635 3214 Camille
654 3149 708 3230 mi,
724 3148 798 3211 nolo
820 3165 851 3211 te
874 3169 978 3210 coram
1001 3148 1033 3209 in
1055 3168 1089 3209 os
1112 3145 1245 3229 laudare,
1267 3148 1419 3234 [largiter,

444 3239 496 3301 sed
519 3259 680 3320 nunquam
706 3237 873 3320 quicquam
901 3236 933 3297 in
959 3233 1081 3297 laudem
1108 3249 1195 3296 tuam
1222 3234 1330 3318 loquar
1352 3251 1418 3303 tam

444 3326 521 3408 quin
543 3341 597 3387 tua
620 3323 648 3386 id
672 3345 765 3386 omne
787 3336 909 3404 superet
930 3321 1074 3384 amicitia.
1386 3342 1420 3391 80

316 3414 402 3475 Cam.
447 3411 506 3475 Me
530 3412 562 3474 in
585 3433 676 3493 opera
698 3409 871 3492 praestanda
891 3429 1017 3492 segnem
1040 3429 1104 3470 esse
1127 3423 1214 3470 vetus
1235 3423 1319 3473 vetat

442 3499 588 3562 amicitia.
632 3511 687 3560 aut
709 3497 759 3559 hic
781 3510 835 3560 aut
857 3495 928 3558 alibi
951 3516 1015 3573 ero,
1038 3512 1072 3556 vt
1094 3515 1145 3558 mc
1167 3494 1260 3558 voles.
