3359 4225
295 557 348 637 34
671 530 1022 609 HYMENAEUS
1136 539 1233 623 [Aer.
1250 558 1281 625 3,
1297 540 1346 605 Sc.
1365 546 1400 621 3·

293 727 360 792 Got.
444 748 494 790 am
517 727 568 789 hic
590 748 653 808 ero,
677 748 750 789 cum
773 725 836 789 illic
858 749 909 789 me
932 748 994 791 esse
1015 728 1137 792 senties.

290 814 398 878 Panto.
419 726 537 896 locum
559 835 606 876 res
628 835 691 875 non
715 813 857 896 postulat.
902 815 980 877 serio
1003 836 1138 897 propera.

291 901 359 964 Fre.
422 899 472 964 Ita
494 902 535 963 ita
557 922 693 983 propera.

291 987 399 1051 Panto.
716 989 789 1049 hem
812 988 879 1070 quis
900 987 938 1050 ad
960 1009 1047 1051 aures
1068 1010 1161 1051 sonus

386 1082 390 1092 '
419 1074 563 1139 advolat?
596 1072 699 1137 nullus
720 1075 771 1137 hic
794 1095 887 1156 prope
910 1090 964 1138 est.
1009 1076 1070 1139 iam
1093 1091 1134 1157 te,
1158 1075 1270 1156 bellua,
1367 1105 1401 1141 ao

420 1163 574 1225 irretitum
596 1162 705 1241 habeo,
728 1160 844 1245 aliquid
866 1161 951 1225 feres.

291 1248 359 1311 Fre.
422 1249 520 1330 Heus,
544 1248 714 1312 Leonarde.
759 1250 906 1333 extingue
929 1248 1058 1330 lumina,

421 1336 490 1399 haec
513 1357 615 1398 meam
638 1336 715 1398 mihi
738 1336 875 1419 quietem
898 1335 1080 1418 impediunt.

289 1422 356 1487 Leo.
420 1422 619 1486 Leonardum
641 1423 708 1505 quis
729 1421 840 1485 vocat?
886 1422 1057 1505 Frederice,
1079 1424 1153 1507 quid
1173 1423 1297 1507 agitur?

290 1508 396 1574 Panto.
418 1510 503 1572 Hem
526 1509 664 1591 profecto
687 1509 868 1572 Fredericus
889 1526 944 1572 est.
1367 1540 1398 1591 25

292 1596 361 1659 Fre.
424 1595 501 1661 Cras
523 1597 689 1659 curabitur.

292 1682 399 1747 Panto.
718 1683 868 1766 quidnam
890 1683 1038 1748 obsecro?

291 1770 359 1834 Fre.
422 1769 469 1832 Vt
491 1768 648 1832 medicum
670 1769 795 1833 vlciscar
818 1770 922 1851 probe.

290 1856 355 1921 Leo.
419 1856 507 1931 Quid
530 1854 589 1918 tu?
620 1871 655 1918 tu
677 1858 786 1919 herum
809 1878 931 1920 veneno
952 1857 1108 1940 sustulisti,
1131 1857 1283 1941 pessime?

291 1943 398 2007 Panto.
419 1944 477 2008 Tu
501 1942 589 2005 illum
612 1942 686 2005 tolle
708 1945 732 2006 si
756 1942 848 2025 voles,
873 1966 930 2027 ego
952 1946 1037 2008 hunc
1060 1967 1124 2008 non
1146 1946 1264 2029 sustuli,

420 2047 452 2095 et
474 2031 550 2093 vivit
572 2030 657 2093 adeo.
703 2053 781 2094 num
803 2046 949 2115 aegrotas,
973 2033 1053 2095 bone
1075 2032 1144 2096 vir?
1366 2063 1400 2113 30

292 2119 360 2183 Fre.
426 2118 514 2183 Cedo
536 2119 613 2180 mihi
636 2117 796 2180 matulam.
842 2118 915 2202 quid
937 2135 1006 2201 stas,
1029 2119 1135 2184 asine?

291 2206 398 2271 Panto.
421 2204 602 2271 Matulam?
631 2206 705 2288 quid
728 2227 804 2287 opus
827 2205 895 2268 est?

291 2293 359 2357 Fre.
421 2292 511 2367 Quin
539 2292 591 2354 das
617 2293 744 2375 inquam
769 2291 941 2356 matulam?
981 2295 1042 2356 iam
1072 2316 1130 2380 ego
1160 2294 1251 2357 credo
1281 2294 1399 2359 lectum

292 2380 399 2444 Panto.
423 2381 486 2443 Hic
509 2380 605 2441 homo
627 2378 764 2460 profecto
787 2393 871 2441 totus
893 2379 997 2443 madet
1019 2382 1100 2444 vino.
1159 2381 1399 2464 [comminxero.

290 2467 355 2531 Leo.
418 2465 527 2529 Vino?
549 2481 723 2529 monstrum
746 2467 891 2548 hominis,
913 2490 1017 2554 apage.
1061 2468 1146 2551 quasi
1168 2470 1211 2531 sic
1233 2468 1338 2533 soleat.
1366 2497 1398 2548 35

294 2554 361 2619 Got.
421 2552 579 2636 Nunquid
601 2553 656 2616 tibi
681 2551 821 2639 Pegasus,
844 2555 927 2634 here,
950 2577 1013 2617 non
1037 2554 1150 2636 videor,

421 2642 474 2724 qui
499 2640 537 2702 ad
558 2654 590 2702 te
613 2656 676 2702 tam
700 2641 762 2703 cito
784 2640 1013 2705 advolaverim?

293 2727 399 2792 Panto.
421 2727 509 2794 Cedo
530 2749 652 2810 aquam.
697 2727 749 2790 sed
772 2728 846 2811 quid
870 2729 901 2790 id
923 2743 968 2791 est
989 2729 1073 2812 quod
1095 2729 1159 2792 exit
1181 2729 1355 2794 Amerina?

584 2951 754 3025 acTus
781 2975 815 3046 3.
870 2954 1035 3027 scENA
1061 2967 1109 3045 42.

546 3112 721 3175 Fredericus.
768 3111 943 3176 Leonardus.
988 3113 1141 3177 Amerina.

653 3198 859 3283 Pantomagus.
906 3198 1036 3264 Gothrio.

293 3334 375 3398 Ama.
421 3329 504 3397 Orat
525 3347 556 3396 te
579 3333 715 3397 multum
737 3334 837 3412 herus,
862 3330 1061 3417 Pantomage,

422 3435 456 3485 vt
478 3421 535 3483 nisi
558 3419 724 3483 molestum
747 3421 795 3501 sit,
818 3441 884 3482 cras
905 3420 943 3482 ad
966 3442 1039 3483 eum
1061 3421 1173 3484 redeas.

423 3506 516 3570 modo
539 3508 671 3570 dormire
694 3508 789 3588 coepit
811 3507 953 3589 suaviter,
