3359 4225
573 821 741 894 ACTUS
773 845 803 894 1.
857 820 1023 893 SCENA
1054 830 1097 893 1².

323 1004 474 1069 Pantaleo.
519 988 695 1068 Fredericus.
742 1002 918 1069 Leonardus.
963 1004 1167 1085 Pantomagus.
1213 1001 1344 1067 Gothrio.

280 1141 392 1206 Panto.
409 1141 464 1228 Dij
489 1142 688 1224 immortales,
710 1143 790 1205 viros
811 1157 846 1205 vt
867 1140 1066 1205 ludificantur
1089 1142 1240 1206 faeminae.

410 1228 493 1292 Tres
515 1231 597 1293 intus
620 1230 741 1292 vnicam
764 1229 907 1292 ambiunt
929 1230 1090 1316 virginem,

413 1314 621 1402 Pantomagus
642 1316 717 1379 falso
739 1315 839 1379 dictus
861 1315 1009 1398 medicus,

412 1402 590 1466 Fredericus
612 1402 810 1466 Teutonicus
831 1417 953 1485 potator
974 1403 1122 1486 egregius,

413 1490 502 1553 herus
524 1489 697 1572 Erophilus‚
721 1490 808 1553 cuius
831 1490 882 1551 hic
905 1489 1008 1552 laudes
1031 1505 1127 1553 taceo.

413 1574 620 1659 Pantomagus
640 1576 734 1661 Juliae
758 1575 862 1659 pulsus
882 1591 983 1639 tentat
1004 1575 1124 1659 pollice,

412 1678 443 1726 et
466 1664 503 1726 de
525 1664 658 1746 corporis
679 1663 854 1726 valetudine
876 1662 1003 1746 gloriose
1026 1663 1167 1745 disputat.

413 1749 592 1813 Fredericus
614 1771 687 1812 curn
711 1749 762 1813 illa
783 1770 870 1812 more
891 1750 955 1833 agit
978 1750 1085 1831 patrio,

413 1851 444 1899 et
467 1837 498 1898 in
522 1836 586 1899 eius
608 1835 695 1921 labijs
716 1836 887 1919 plerunque
909 1836 1035 1899 habitat.

413 1922 524 1987 Cordis
545 1944 648 1985 arcem
670 1923 725 1985 sibi
748 1924 839 1985 herus
860 1922 953 2009 elegit
974 1944 1070 1986 meus.

413 2007 604 2095 Pantomago
627 2010 765 2091 inprimis
787 2008 937 2073 Alfonsus
960 2010 1012 2072 dat
1033 2031 1168 2091 operam,

413 2097 471 2160 scit
493 2119 566 2160 eum
589 2097 667 2160 bene
688 2110 889 2160 nummatum
912 2119 974 2160 esse
995 2095 1121 2178 scilicet,

414 2182 440 2246 F
442 2184 613 2247 redericum
635 2205 699 2246 non
722 2198 809 2247 curat
831 2184 1010 2265 admodum,

414 2272 523 2333 herum
545 2292 617 2333 vero
639 2271 824 2353 Erophilum
847 2271 912 2333 odit
935 2272 1073 2353 pessime,

412 2380 507 2440 quem
530 2356 754 2421 adolescentem
777 2357 853 2421 dicit
876 2356 1056 2420 dissolutum
1079 2358 1181 2421 nimis.
1357 2385 1385 2437 15

415 2444 469 2529 Hij
494 2465 602 2507 omnes
624 2445 706 2507 intus
729 2445 789 2507 iarn
811 2458 894 2524 sunt,
916 2459 949 2507 vt
971 2459 1137 2526 procentur
1158 2444 1287 2529 Juliam,

413 2546 506 2614 atque
527 2552 637 2594 eccum
660 2531 686 2594 F
689 2531 839 2594 redericus
861 2531 1023 2614 egreditur.
1167 2531 1286 2614 [Intrat
1300 2530 1387 2595 Frcd.

415 2616 483 2704 Ego
504 2618 543 2680 ad
566 2616 737 2681 Camillum
760 2618 810 2680 ibo
832 2617 923 2681 huius
944 2615 1036 2703 Lucij
1061 2615 1171 2698 filium,

414 2727 508 2787 quem
531 2705 622 2767 herus
643 2718 834 2767 conventum
858 2704 943 2787 cupit
965 2725 1062 2767 meus.

345 2840 352 2856 .
416 2790 503 2877 Quid
512 2792 565 2872 ais,
576 2788 754 2854 Leonarde?
768 2813 808 2853 an
821 2791 876 2854 tibi
888 2791 981 2873 probe
992 2790 1096 2854 videor
1107 2805 1248 2855 tractasse
1258 2790 1386 2874 Juliam,
1471 2820 1473 2826 ·

414 2893 445 2941 et
467 2901 519 2941 me
541 2879 624 2940 intus
645 2878 716 2940 satis
737 2878 858 2961 gessisse
880 2876 1050 2941 amatorie?
1356 2907 1385 2942 αι

415 2963 566 3028 Sedebant
589 2965 672 3027 intus
693 2964 828 3027 fabulam
850 2985 976 3028 narrans
998 2965 1173 3047 Erophilus‚

414 3068 446 3115 et
467 3073 597 3115 manum
619 3073 715 3114 manu
738 3066 847 3115 tenens
868 3074 906 3113 ex
928 3050 1023 3114 altera
1044 3066 1129 3134 parte
1150 3050 1299 3132 medicus,

416 3161 473 3223 ego
494 3137 572 3200 nihil
595 3138 674 3219 dico,
696 3138 747 3201 sed
771 3160 844 3222 rogo
866 3138 1023 3221 quomodo
1044 3137 1135 3219 valet,

416 3241 447 3288 et
471 3224 554 3288 illam
575 3240 657 3288 arcte
679 3224 870 3307 amplexatus
890 3224 1020 3287 osculor.
1355 3252 1386 3303 ²5

341 3360 348 3377 .
415 3312 489 3375 Non
513 3312 647 3393 potuisti,
670 3312 752 3392 here,
774 3311 861 3394 plura
883 3313 986 3394 paucis
1009 3310 1158 3394 proloqui.

416 3399 549 3480 disputet
570 3399 718 3479 medicus,
741 3398 894 3462 fabuletur
915 3397 1090 3480 Erophilus‚

416 3501 452 3550 tu
475 3484 558 3548 illam
579 3484 743 3571 aggredere
764 3486 886 3567 punctis
907 3500 1161 3572 argumentorum
1184 3485 1335 3566 brevibus
