<?xml version="1.0" encoding="UTF-8"?>
<!DOCTYPE html PUBLIC "-//W3C//DTD XHTML 1.0 Transitional//EN"
    "http://www.w3.org/TR/xhtml1/DTD/xhtml1-transitional.dtd">
<html xmlns="http://www.w3.org/1999/xhtml" xml:lang="en" lang="en">
 <head>
  <title>
</title>
<meta http-equiv="Content-Type" content="text/html;charset=utf-8" />
  <meta name='ocr-system' content='tesseract 3.04.00' />
  <meta name='ocr-capabilities' content='ocr_page ocr_carea ocr_par ocr_line ocrx_word'/>
</head>
<body>
  <div class='ocr_page' id='page_1' title='image "./hymenusacomedya01smitgoog_0073.png"; bbox 0 0 3359 4225; ppageno 0'>
   <div class='ocr_carea' id='block_1_1' title="bbox 231 522 1336 627">
    <p class='ocr_par' dir='ltr' id='par_1_1' title="bbox 231 522 1336 627">
     <span class='ocr_line' id='line_1_1' title="bbox 231 522 1336 627; baseline 0.015 -36"><span class='ocrx_word' id='word_1_1' title='bbox 231 528 316 593; x_wconf 78' lang='lat' dir='ltr'>Aer.</span> <span class='ocrx_word' id='word_1_2' title='bbox 331 548 366 612; x_wconf 82' lang='lat'>4,</span> <span class='ocrx_word' id='word_1_3' title='bbox 382 530 430 596; x_wconf 90' lang='lat' dir='ltr'>sc.</span> <span class='ocrx_word' id='word_1_4' title='bbox 446 530 495 615; x_wconf 76' lang='lat'>4⁸]</span> <span class='ocrx_word' id='word_1_5' title='bbox 610 522 960 602; x_wconf 85' lang='lat' dir='ltr'><strong>HYMENAEUS</strong></span> <span class='ocrx_word' id='word_1_6' title='bbox 1283 545 1336 627; x_wconf 88' lang='lat'>47</span> 
     </span>
    </p>
   </div>
   <div class='ocr_carea' id='block_1_2' title="bbox 231 714 316 866">
    <p class='ocr_par' dir='ltr' id='par_1_2' title="bbox 231 714 316 866">
     <span class='ocr_line' id='line_1_2' title="bbox 231 714 316 780; baseline 0.035 -3"><span class='ocrx_word' id='word_1_7' title='bbox 231 714 316 780; x_wconf 85' lang='lat' dir='ltr'>Duu.</span> 
     </span>
     <span class='ocr_line' id='line_1_3' title="bbox 235 801 312 866; baseline 0.026 -2"><span class='ocrx_word' id='word_1_8' title='bbox 235 801 312 866; x_wconf 84' lang='lat' dir='ltr'>Cau.</span> 
     </span>
    </p>
   </div>
   <div class='ocr_carea' id='block_1_3' title="bbox 233 975 318 1213">
    <p class='ocr_par' dir='ltr' id='par_1_3' title="bbox 233 975 318 1213">
     <span class='ocr_line' id='line_1_4' title="bbox 233 975 317 1040; baseline 0.024 -2"><span class='ocrx_word' id='word_1_9' title='bbox 233 975 317 1040; x_wconf 86' lang='lat' dir='ltr'>Duu.</span> 
     </span>
     <span class='ocr_line' id='line_1_5' title="bbox 236 1062 313 1125; baseline -0.013 0"><span class='ocrx_word' id='word_1_10' title='bbox 236 1062 313 1125; x_wconf 86' lang='lat' dir='ltr'>Cau.</span> 
     </span>
     <span class='ocr_line' id='line_1_6' title="bbox 234 1148 318 1213; baseline 0.036 -3"><span class='ocrx_word' id='word_1_11' title='bbox 234 1148 318 1213; x_wconf 87' lang='lat' dir='ltr'>Duu.</span> 
     </span>
    </p>
   </div>
   <div class='ocr_carea' id='block_1_4' title="bbox 235 1321 306 1386">
    <p class='ocr_par' dir='ltr' id='par_1_4' title="bbox 235 1321 306 1386">
     <span class='ocr_line' id='line_1_7' title="bbox 235 1321 306 1386; baseline 0.014 -1"><span class='ocrx_word' id='word_1_12' title='bbox 235 1321 306 1386; x_wconf 88' lang='lat' dir='ltr'>Ero.</span> 
     </span>
    </p>
   </div>
   <div class='ocr_carea' id='block_1_5' title="bbox 362 715 1342 1928">
    <p class='ocr_par' dir='ltr' id='par_1_5' title="bbox 362 715 1280 1059">
     <span class='ocr_line' id='line_1_8' title="bbox 643 715 1182 798; baseline -0.002 -19"><span class='ocrx_word' id='word_1_13' title='bbox 643 716 709 779; x_wconf 93' lang='lat' dir='ltr'>Vos</span> <span class='ocrx_word' id='word_1_14' title='bbox 731 717 839 798; x_wconf 85' lang='lat' dir='ltr'>praeite</span> <span class='ocrx_word' id='word_1_15' title='bbox 861 732 893 779; x_wconf 93' lang='lat' dir='ltr'>et</span> <span class='ocrx_word' id='word_1_16' title='bbox 915 718 998 780; x_wconf 91' lang='lat' dir='ltr'>viam</span> <span class='ocrx_word' id='word_1_17' title='bbox 1020 715 1182 779; x_wconf 87' lang='lat' dir='ltr'><strong>ostendite.</strong></span> 
     </span>
     <span class='ocr_line' id='line_1_9' title="bbox 363 801 1280 887; baseline -0.002 -21"><span class='ocrx_word' id='word_1_18' title='bbox 363 801 442 866; x_wconf 92' lang='lat' dir='ltr'>Non</span> <span class='ocrx_word' id='word_1_19' title='bbox 464 805 507 867; x_wconf 90' lang='lat' dir='ltr'>sic</span> <span class='ocrx_word' id='word_1_20' title='bbox 530 818 560 866; x_wconf 91' lang='lat' dir='ltr'>te</span> <span class='ocrx_word' id='word_1_21' title='bbox 583 825 636 885; x_wconf 90' lang='lat' dir='ltr'>par</span> <span class='ocrx_word' id='word_1_22' title='bbox 658 818 704 865; x_wconf 92' lang='lat' dir='ltr'>est</span> <span class='ocrx_word' id='word_1_23' title='bbox 726 803 926 866; x_wconf 90' lang='lat' dir='ltr'>immundum</span> <span class='ocrx_word' id='word_1_24' title='bbox 949 802 1129 867; x_wconf 89' lang='lat' dir='ltr'>cubiculum</span> <span class='ocrx_word' id='word_1_25' title='bbox 1152 802 1280 887; x_wconf 84' lang='lat' dir='ltr'>ingredi,</span> 
     </span>
     <span class='ocr_line' id='line_1_10' title="bbox 365 889 1056 976; baseline 0.003 -25"><span class='ocrx_word' id='word_1_26' title='bbox 365 906 551 976; x_wconf 85' lang='lat' dir='ltr'>expurgetur</span> <span class='ocrx_word' id='word_1_27' title='bbox 573 889 667 972; x_wconf 89' lang='lat' dir='ltr'>prius,</span> <span class='ocrx_word' id='word_1_28' title='bbox 690 905 721 952; x_wconf 95' lang='lat' dir='ltr'>et</span> <span class='ocrx_word' id='word_1_29' title='bbox 742 904 918 953; x_wconf 85' lang='lat' dir='ltr'>sternantur</span> <span class='ocrx_word' id='word_1_30' title='bbox 941 890 1056 954; x_wconf 91' lang='lat' dir='ltr'>lectuli.</span> 
     </span>
     <span class='ocr_line' id='line_1_11' title="bbox 362 973 820 1059; baseline 0 -20"><span class='ocrx_word' id='word_1_31' title='bbox 362 973 434 1039; x_wconf 90' lang='lat' dir='ltr'>Imo</span> <span class='ocrx_word' id='word_1_32' title='bbox 456 1000 559 1056; x_wconf 84' lang='lat' dir='ltr'>mane,</span> <span class='ocrx_word' id='word_1_33' title='bbox 581 999 645 1039; x_wconf 93' lang='lat' dir='ltr'>non</span> <span class='ocrx_word' id='word_1_34' title='bbox 668 999 744 1059; x_wconf 92' lang='lat' dir='ltr'>opus</span> <span class='ocrx_word' id='word_1_35' title='bbox 765 992 820 1040; x_wconf 85' lang='lat' dir='ltr'>est.</span> 
     </span>
    </p>

    <p class='ocr_par' dir='ltr' id='par_1_6' title="bbox 763 1061 1338 1147">
     <span class='ocr_line' id='line_1_12' title="bbox 763 1061 1338 1147; baseline 0.002 -21"><span class='ocrx_word' id='word_1_36' title='bbox 763 1065 859 1126; x_wconf 88' lang='lat' dir='ltr'>etiam</span> <span class='ocrx_word' id='word_1_37' title='bbox 874 1065 967 1127; x_wconf 91' lang='lat' dir='ltr'>etiam</span> <span class='ocrx_word' id='word_1_38' title='bbox 983 1086 1047 1127; x_wconf 92' lang='lat' dir='ltr'>non</span> <span class='ocrx_word' id='word_1_39' title='bbox 1062 1063 1210 1147; x_wconf 87' lang='lat' dir='ltr'>gravabor</span> <span class='ocrx_word' id='word_1_40' title='bbox 1224 1061 1338 1127; x_wconf 88' lang='lat' dir='ltr'>labore.</span> 
     </span>
    </p>

    <p class='ocr_par' dir='ltr' id='par_1_7' title="bbox 364 1148 1342 1928">
     <span class='ocr_line' id='line_1_13' title="bbox 364 1148 1339 1233; baseline 0.003 -20"><span class='ocrx_word' id='word_1_41' title='bbox 364 1151 439 1214; x_wconf 95' lang='lat' dir='ltr'>Non</span> <span class='ocrx_word' id='word_1_42' title='bbox 463 1148 526 1213; x_wconf 89' lang='lat' dir='ltr'>fiet.</span> <span class='ocrx_word' id='word_1_43' title='bbox 571 1151 706 1232; x_wconf 88' lang='lat' dir='ltr'>introite,</span> <span class='ocrx_word' id='word_1_44' title='bbox 729 1173 782 1213; x_wconf 93' lang='lat' dir='ltr'>vos</span> <span class='ocrx_word' id='word_1_45' title='bbox 803 1151 854 1213; x_wconf 93' lang='lat' dir='ltr'>hic</span> <span class='ocrx_word' id='word_1_46' title='bbox 877 1173 928 1214; x_wconf 94' lang='lat' dir='ltr'>me</span> <span class='ocrx_word' id='word_1_47' title='bbox 950 1166 1120 1233; x_wconf 81' lang='lat' dir='ltr'>expectate,</span> <span class='ocrx_word' id='word_1_48' title='bbox 1307 1164 1339 1227; x_wconf 87' lang='lat'>56</span> 
     </span>
     <span class='ocr_line' id='line_1_14' title="bbox 366 1236 975 1321; baseline 0 -21"><span class='ocrx_word' id='word_1_49' title='bbox 366 1253 398 1300; x_wconf 90' lang='lat' dir='ltr'>et</span> <span class='ocrx_word' id='word_1_50' title='bbox 419 1238 504 1300; x_wconf 91' lang='lat' dir='ltr'>hunc</span> <span class='ocrx_word' id='word_1_51' title='bbox 526 1253 673 1301; x_wconf 80' lang='lat' dir='ltr'>asservare</span> <span class='ocrx_word' id='word_1_52' title='bbox 694 1238 770 1301; x_wconf 93' lang='lat' dir='ltr'>dum</span> <span class='ocrx_word' id='word_1_53' title='bbox 794 1260 852 1321; x_wconf 85' lang='lat' dir='ltr'>ego</span> <span class='ocrx_word' id='word_1_54' title='bbox 875 1236 975 1300; x_wconf 86' lang='lat' dir='ltr'>redeo.</span> 
     </span>
     <span class='ocr_line' id='line_1_15' title="bbox 368 1322 1187 1406; baseline -0.004 -18"><span class='ocrx_word' id='word_1_55' title='bbox 368 1322 542 1388; x_wconf 91' lang='lat' dir='ltr'>Pentheum</span> <span class='ocrx_word' id='word_1_56' title='bbox 564 1324 640 1388; x_wconf 90' lang='lat' dir='ltr'>olim</span> <span class='ocrx_word' id='word_1_57' title='bbox 663 1324 799 1387; x_wconf 79' lang='lat' dir='ltr'>Bacchas</span> <span class='ocrx_word' id='word_1_58' title='bbox 822 1324 979 1406; x_wconf 82' lang='lat' dir='ltr'>diripuisse</span> <span class='ocrx_word' id='word_1_59' title='bbox 1002 1339 1187 1405; x_wconf 88' lang='lat' dir='ltr'>memorant,</span> 
     </span>
     <span class='ocr_line' id='line_1_16' title="bbox 367 1412 1041 1493; baseline 0 -20"><span class='ocrx_word' id='word_1_60' title='bbox 367 1426 398 1473; x_wconf 93' lang='lat' dir='ltr'>et</span> <span class='ocrx_word' id='word_1_61' title='bbox 420 1433 529 1493; x_wconf 88' lang='lat' dir='ltr'>corpus</span> <span class='ocrx_word' id='word_1_62' title='bbox 551 1412 583 1474; x_wconf 90' lang='lat' dir='ltr'>in</span> <span class='ocrx_word' id='word_1_63' title='bbox 606 1427 705 1493; x_wconf 89' lang='lat' dir='ltr'>partes</span> <span class='ocrx_word' id='word_1_64' title='bbox 727 1412 913 1493; x_wconf 87' lang='lat' dir='ltr'>discerpsisse</span> <span class='ocrx_word' id='word_1_65' title='bbox 935 1412 1041 1492; x_wconf 87' lang='lat' dir='ltr'>varias,</span> 
     </span>
     <span class='ocr_line' id='line_1_17' title="bbox 367 1497 1342 1584; baseline 0.005 -25"><span class='ocrx_word' id='word_1_66' title='bbox 367 1497 443 1560; x_wconf 88' lang='lat' dir='ltr'>nihil</span> <span class='ocrx_word' id='word_1_67' title='bbox 466 1513 511 1561; x_wconf 92' lang='lat' dir='ltr'>est</span> <span class='ocrx_word' id='word_1_68' title='bbox 533 1514 632 1579; x_wconf 87' lang='lat' dir='ltr'>praevt</span> <span class='ocrx_word' id='word_1_69' title='bbox 653 1520 711 1584; x_wconf 85' lang='lat' dir='ltr'>ego</span> <span class='ocrx_word' id='word_1_70' title='bbox 733 1500 839 1561; x_wconf 90' lang='lat' dir='ltr'>animo</span> <span class='ocrx_word' id='word_1_71' title='bbox 861 1513 893 1560; x_wconf 90' lang='lat' dir='ltr'>et</span> <span class='ocrx_word' id='word_1_72' title='bbox 914 1519 1041 1580; x_wconf 89' lang='lat' dir='ltr'>corpore</span> <span class='ocrx_word' id='word_1_73' title='bbox 1064 1498 1222 1562; x_wconf 85' lang='lat' dir='ltr'>distrahor.</span> <span class='ocrx_word' id='word_1_74' title='bbox 1308 1511 1342 1564; x_wconf 84' lang='lat'>60</span> 
     </span>
     <span class='ocr_line' id='line_1_18' title="bbox 368 1582 1165 1671; baseline 0.001 -24"><span class='ocrx_word' id='word_1_75' title='bbox 368 1582 424 1671; x_wconf 88' lang='lat' dir='ltr'>Dij</span> <span class='ocrx_word' id='word_1_76' title='bbox 448 1584 646 1665; x_wconf 86' lang='lat' dir='ltr'>immortales,</span> <span class='ocrx_word' id='word_1_77' title='bbox 668 1584 742 1668; x_wconf 91' lang='lat' dir='ltr'>quid</span> <span class='ocrx_word' id='word_1_78' title='bbox 765 1587 825 1647; x_wconf 92' lang='lat' dir='ltr'>hoc</span> <span class='ocrx_word' id='word_1_79' title='bbox 848 1607 920 1647; x_wconf 90' lang='lat' dir='ltr'>nam</span> <span class='ocrx_word' id='word_1_80' title='bbox 945 1585 1074 1648; x_wconf 88' lang='lat' dir='ltr'>monstri</span> <span class='ocrx_word' id='word_1_81' title='bbox 1097 1585 1165 1648; x_wconf 83' lang='lat' dir='ltr'>est?</span> 
     </span>
     <span class='ocr_line' id='line_1_19' title="bbox 368 1670 815 1755; baseline 0 -22"><span class='ocrx_word' id='word_1_82' title='bbox 368 1670 473 1755; x_wconf 91' lang='lat' dir='ltr'>vigilo,</span> <span class='ocrx_word' id='word_1_83' title='bbox 496 1673 576 1752; x_wconf 93' lang='lat' dir='ltr'>vivo,</span> <span class='ocrx_word' id='word_1_84' title='bbox 599 1670 697 1750; x_wconf 80' lang='lat' dir='ltr'>valeo,</span> <span class='ocrx_word' id='word_1_85' title='bbox 720 1672 815 1754; x_wconf 87' lang='lat' dir='ltr'>sapio,</span> 
     </span>
     <span class='ocr_line' id='line_1_20' title="bbox 367 1758 1200 1842; baseline 0.002 -22"><span class='ocrx_word' id='word_1_86' title='bbox 367 1780 426 1822; x_wconf 91' lang='lat' dir='ltr'>nec</span> <span class='ocrx_word' id='word_1_87' title='bbox 447 1758 522 1842; x_wconf 94' lang='lat' dir='ltr'>quid</span> <span class='ocrx_word' id='word_1_88' title='bbox 544 1760 606 1822; x_wconf 89' lang='lat' dir='ltr'>iam</span> <span class='ocrx_word' id='word_1_89' title='bbox 628 1759 718 1841; x_wconf 84' lang='lat' dir='ltr'>facio,</span> <span class='ocrx_word' id='word_1_90' title='bbox 740 1759 853 1842; x_wconf 90' lang='lat' dir='ltr'>quidve</span> <span class='ocrx_word' id='word_1_91' title='bbox 876 1759 1011 1821; x_wconf 86' lang='lat' dir='ltr'>facturus</span> <span class='ocrx_word' id='word_1_92' title='bbox 1033 1780 1104 1821; x_wconf 85' lang='lat' dir='ltr'>sum</span> <span class='ocrx_word' id='word_1_93' title='bbox 1126 1760 1200 1841; x_wconf 89' lang='lat' dir='ltr'>scio,</span> 
     </span>
     <span class='ocr_line' id='line_1_21' title="bbox 369 1845 1157 1928; baseline 0 -20"><span class='ocrx_word' id='word_1_94' title='bbox 369 1846 411 1908; x_wconf 88' lang='lat' dir='ltr'>ita</span> <span class='ocrx_word' id='word_1_95' title='bbox 433 1867 552 1928; x_wconf 88' lang='lat' dir='ltr'>prorsus</span> <span class='ocrx_word' id='word_1_96' title='bbox 574 1845 687 1910; x_wconf 90' lang='lat' dir='ltr'>oblitus</span> <span class='ocrx_word' id='word_1_97' title='bbox 708 1868 778 1909; x_wconf 91' lang='lat' dir='ltr'>sum</span> <span class='ocrx_word' id='word_1_98' title='bbox 801 1846 873 1908; x_wconf 89' lang='lat' dir='ltr'>mei.</span> <span class='ocrx_word' id='word_1_99' title='bbox 1155 1878 1157 1882; x_wconf 43' lang='lat'><em>⁷</em></span> 
     </span>
    </p>
   </div>
   <div class='ocr_carea' id='block_1_6' title="bbox 297 1931 1343 2015">
    <p class='ocr_par' dir='ltr' id='par_1_8' title="bbox 297 1931 1343 2015">
     <span class='ocr_line' id='line_1_22' title="bbox 297 1931 1343 2015; baseline 0.001 -19"><span class='ocrx_word' id='word_1_100' title='bbox 297 1980 305 1996; x_wconf 93' lang='lat'><strong>.</strong></span> <span class='ocrx_word' id='word_1_101' title='bbox 366 1931 470 1996; x_wconf 87' lang='lat' dir='ltr'>Adibo</span> <span class='ocrx_word' id='word_1_102' title='bbox 492 1933 663 2014; x_wconf 88' lang='lat' dir='ltr'>hominem,</span> <span class='ocrx_word' id='word_1_103' title='bbox 686 1947 718 1995; x_wconf 93' lang='lat' dir='ltr'>et</span> <span class='ocrx_word' id='word_1_104' title='bbox 739 1931 890 1996; x_wconf 89' lang='lat' dir='ltr'>simulabo</span> <span class='ocrx_word' id='word_1_105' title='bbox 911 1933 996 2015; x_wconf 83' lang='lat' dir='ltr'>quasi</span> <span class='ocrx_word' id='word_1_106' title='bbox 1019 1954 1083 1995; x_wconf 94' lang='lat' dir='ltr'>non</span> <span class='ocrx_word' id='word_1_107' title='bbox 1106 1933 1256 1996; x_wconf 90' lang='lat' dir='ltr'>noverim.</span> <span class='ocrx_word' id='word_1_108' title='bbox 1311 1946 1343 2010; x_wconf 85' lang='lat'>⁶5</span> 
     </span>
    </p>
   </div>
   <div class='ocr_carea' id='block_1_7' title="bbox 368 2018 1099 2275">
    <p class='ocr_par' dir='ltr' id='par_1_9' title="bbox 368 2018 1099 2275">
     <span class='ocr_line' id='line_1_23' title="bbox 368 2018 995 2101; baseline -0.002 -19"><span class='ocrx_word' id='word_1_109' title='bbox 368 2018 482 2083; x_wconf 88' lang='lat' dir='ltr'>salveto</span> <span class='ocrx_word' id='word_1_110' title='bbox 505 2019 652 2099; x_wconf 88' lang='lat' dir='ltr'>multum,</span> <span class='ocrx_word' id='word_1_111' title='bbox 673 2019 848 2083; x_wconf 90' lang='lat' dir='ltr'>adolescens</span> <span class='ocrx_word' id='word_1_112' title='bbox 869 2020 995 2101; x_wconf 89' lang='lat' dir='ltr'>optime.</span> 
     </span>
     <span class='ocr_line' id='line_1_24' title="bbox 369 2103 634 2170; baseline 0.004 -1"><span class='ocrx_word' id='word_1_113' title='bbox 369 2103 414 2169; x_wconf 90' lang='lat' dir='ltr'>Et</span> <span class='ocrx_word' id='word_1_114' title='bbox 436 2122 471 2170; x_wconf 94' lang='lat' dir='ltr'>tu</span> <span class='ocrx_word' id='word_1_115' title='bbox 492 2107 634 2170; x_wconf 86' lang='lat' dir='ltr'>vicissim.</span> 
     </span>
     <span class='ocr_line' id='line_1_25' title="bbox 657 2192 1099 2275; baseline -0.002 -18"><span class='ocrx_word' id='word_1_116' title='bbox 657 2193 739 2257; x_wconf 89' lang='lat' dir='ltr'>Esne</span> <span class='ocrx_word' id='word_1_117' title='bbox 762 2196 889 2257; x_wconf 87' lang='lat' dir='ltr'>obsecro</span> <span class='ocrx_word' id='word_1_118' title='bbox 912 2192 1099 2275; x_wconf 84' lang='lat' dir='ltr'>Erophilus?</span> 
     </span>
    </p>
   </div>
   <div class='ocr_carea' id='block_1_8' title="bbox 332 2268 933 2364">
    <p class='ocr_par' dir='ltr' id='par_1_10' title="bbox 332 2268 933 2364">
     <span class='ocr_line' id='line_1_26' title="bbox 332 2268 933 2364; baseline 0.002 -22"><span class='ocrx_word' id='word_1_119' title='bbox 332 2268 336 2274; x_wconf 40' lang='lat'>⁵</span> <span class='ocrx_word' id='word_1_120' title='bbox 368 2280 456 2354; x_wconf 94' lang='lat' dir='ltr'>Quid</span> <span class='ocrx_word' id='word_1_121' title='bbox 478 2296 513 2345; x_wconf 93' lang='lat' dir='ltr'>tu</span> <span class='ocrx_word' id='word_1_122' title='bbox 536 2281 567 2343; x_wconf 93' lang='lat' dir='ltr'>id</span> <span class='ocrx_word' id='word_1_123' title='bbox 588 2279 724 2364; x_wconf 85' lang='lat' dir='ltr'>quaeris?</span> <span class='ocrx_word' id='word_1_124' title='bbox 759 2303 829 2344; x_wconf 90' lang='lat' dir='ltr'>sum</span> <span class='ocrx_word' id='word_1_125' title='bbox 851 2303 933 2344; x_wconf 91' lang='lat' dir='ltr'>sane.</span> 
     </span>
    </p>
   </div>
   <div class='ocr_carea' id='block_1_9' title="bbox 369 2366 1346 2711">
    <p class='ocr_par' dir='ltr' id='par_1_11' title="bbox 370 2366 1192 2451">
     <span class='ocr_line' id='line_1_27' title="bbox 370 2366 1192 2451; baseline 0 -21"><span class='ocrx_word' id='word_1_126' title='bbox 370 2367 507 2431; x_wconf 78' lang='lat' dir='ltr'>Fortasse</span> <span class='ocrx_word' id='word_1_127' title='bbox 529 2368 627 2430; x_wconf 89' lang='lat' dir='ltr'>affinis</span> <span class='ocrx_word' id='word_1_128' title='bbox 648 2368 731 2449; x_wconf 89' lang='lat' dir='ltr'>huic,</span> <span class='ocrx_word' id='word_1_129' title='bbox 753 2370 807 2451; x_wconf 93' lang='lat' dir='ltr'>qui</span> <span class='ocrx_word' id='word_1_130' title='bbox 829 2369 910 2431; x_wconf 91' lang='lat' dir='ltr'>hanc</span> <span class='ocrx_word' id='word_1_131' title='bbox 933 2367 1031 2430; x_wconf 87' lang='lat' dir='ltr'>ambit</span> <span class='ocrx_word' id='word_1_132' title='bbox 1051 2366 1192 2450; x_wconf 87' lang='lat' dir='ltr'>Juliam?</span> 
     </span>
    </p>

    <p class='ocr_par' dir='ltr' id='par_1_12' title="bbox 369 2453 1346 2622">
     <span class='ocr_line' id='line_1_28' title="bbox 370 2453 1346 2541; baseline 0.004 -24"><span class='ocrx_word' id='word_1_133' title='bbox 370 2455 445 2518; x_wconf 94' lang='lat' dir='ltr'>Non</span> <span class='ocrx_word' id='word_1_134' title='bbox 467 2454 543 2517; x_wconf 85' lang='lat' dir='ltr'>adeo</span> <span class='ocrx_word' id='word_1_135' title='bbox 566 2455 694 2541; x_wconf 88' lang='lat' dir='ltr'>miserijs</span> <span class='ocrx_word' id='word_1_136' title='bbox 715 2453 878 2517; x_wconf 85' lang='lat' dir='ltr'>effractum</span> <span class='ocrx_word' id='word_1_137' title='bbox 900 2455 1042 2517; x_wconf 86' lang='lat' dir='ltr'>animum</span> <span class='ocrx_word' id='word_1_138' title='bbox 1065 2477 1149 2541; x_wconf 82' lang='lat' dir='ltr'>gero,</span> <span class='ocrx_word' id='word_1_139' title='bbox 1313 2482 1346 2533; x_wconf 85' lang='lat'>⁷0</span> 
     </span>
     <span class='ocr_line' id='line_1_29' title="bbox 369 2539 1031 2622; baseline 0.002 -19"><span class='ocrx_word' id='word_1_140' title='bbox 369 2557 403 2604; x_wconf 93' lang='lat' dir='ltr'>vt</span> <span class='ocrx_word' id='word_1_141' title='bbox 425 2539 505 2604; x_wconf 87' lang='lat' dir='ltr'>male</span> <span class='ocrx_word' id='word_1_142' title='bbox 528 2542 659 2604; x_wconf 88' lang='lat' dir='ltr'>merenti</span> <span class='ocrx_word' id='word_1_143' title='bbox 682 2563 747 2603; x_wconf 93' lang='lat' dir='ltr'>non</span> <span class='ocrx_word' id='word_1_144' title='bbox 770 2563 917 2622; x_wconf 88' lang='lat' dir='ltr'>reponam</span> <span class='ocrx_word' id='word_1_145' title='bbox 941 2540 1031 2605; x_wconf 87' lang='lat' dir='ltr'>male.</span> 
     </span>
    </p>

    <p class='ocr_par' dir='ltr' id='par_1_13' title="bbox 370 2626 958 2711">
     <span class='ocr_line' id='line_1_30' title="bbox 370 2626 958 2711; baseline 0 -20"><span class='ocrx_word' id='word_1_146' title='bbox 370 2629 454 2711; x_wconf 88' lang='lat' dir='ltr'>quasi</span> <span class='ocrx_word' id='word_1_147' title='bbox 478 2642 514 2690; x_wconf 93' lang='lat' dir='ltr'>tu</span> <span class='ocrx_word' id='word_1_148' title='bbox 536 2651 587 2690; x_wconf 91' lang='lat' dir='ltr'>me</span> <span class='ocrx_word' id='word_1_149' title='bbox 610 2649 673 2690; x_wconf 93' lang='lat' dir='ltr'>non</span> <span class='ocrx_word' id='word_1_150' title='bbox 696 2629 788 2707; x_wconf 90' lang='lat' dir='ltr'>noris,</span> <span class='ocrx_word' id='word_1_151' title='bbox 812 2626 958 2693; x_wconf 87' lang='lat' dir='ltr'>Gothrio.</span> 
     </span>
    </p>
   </div>
   <div class='ocr_carea' id='block_1_10' title="bbox 300 2713 896 2801">
    <p class='ocr_par' dir='ltr' id='par_1_14' title="bbox 300 2713 896 2801">
     <span class='ocr_line' id='line_1_31' title="bbox 300 2713 896 2801; baseline -0.003 -23"><span class='ocrx_word' id='word_1_152' title='bbox 300 2762 308 2778; x_wconf 93' lang='lat'><strong>.</strong></span> <span class='ocrx_word' id='word_1_153' title='bbox 369 2713 425 2801; x_wconf 87' lang='lat' dir='ltr'>Dij</span> <span class='ocrx_word' id='word_1_154' title='bbox 449 2728 479 2776; x_wconf 91' lang='lat' dir='ltr'>te</span> <span class='ocrx_word' id='word_1_155' title='bbox 501 2729 632 2778; x_wconf 88' lang='lat' dir='ltr'>servent.</span> <span class='ocrx_word' id='word_1_156' title='bbox 679 2736 770 2777; x_wconf 89' lang='lat' dir='ltr'>mene</span> <span class='ocrx_word' id='word_1_157' title='bbox 793 2713 896 2778; x_wconf 80' lang='lat' dir='ltr'>nosti?</span> 
     </span>
    </p>
   </div>
   <div class='ocr_carea' id='block_1_11' title="bbox 370 2801 1344 3230">
    <p class='ocr_par' dir='ltr' id='par_1_15' title="bbox 370 2801 1344 3057">
     <span class='ocr_line' id='line_1_32' title="bbox 370 2801 918 2886; baseline 0.002 -23"><span class='ocrx_word' id='word_1_158' title='bbox 370 2823 428 2886; x_wconf 87' lang='lat' dir='ltr'>ego</span> <span class='ocrx_word' id='word_1_159' title='bbox 450 2816 481 2864; x_wconf 92' lang='lat' dir='ltr'>te</span> <span class='ocrx_word' id='word_1_160' title='bbox 504 2823 567 2864; x_wconf 93' lang='lat' dir='ltr'>non</span> <span class='ocrx_word' id='word_1_161' title='bbox 590 2801 661 2863; x_wconf 93' lang='lat' dir='ltr'>novi</span> <span class='ocrx_word' id='word_1_162' title='bbox 685 2816 749 2864; x_wconf 88' lang='lat' dir='ltr'>tam</span> <span class='ocrx_word' id='word_1_163' title='bbox 773 2801 918 2864; x_wconf 87' lang='lat' dir='ltr'>ferocem.</span> 
     </span>
     <span class='ocr_line' id='line_1_33' title="bbox 371 2889 1344 2971; baseline 0.003 -21"><span class='ocrx_word' id='word_1_164' title='bbox 371 2910 425 2951; x_wconf 90' lang='lat' dir='ltr'>vos</span> <span class='ocrx_word' id='word_1_165' title='bbox 447 2889 540 2952; x_wconf 92' lang='lat' dir='ltr'>istum</span> <span class='ocrx_word' id='word_1_166' title='bbox 562 2889 716 2952; x_wconf 87' lang='lat' dir='ltr'>asservatis</span> <span class='ocrx_word' id='word_1_167' title='bbox 740 2891 833 2970; x_wconf 91' lang='lat' dir='ltr'>probe</span> <span class='ocrx_word' id='word_1_168' title='bbox 855 2904 889 2951; x_wconf 93' lang='lat' dir='ltr'>vt</span> <span class='ocrx_word' id='word_1_169' title='bbox 912 2890 1059 2971; x_wconf 86' lang='lat' dir='ltr'>praecepit</span> <span class='ocrx_word' id='word_1_170' title='bbox 1082 2889 1250 2954; x_wconf 90' lang='lat' dir='ltr'>Duumvir.</span> <span class='ocrx_word' id='word_1_171' title='bbox 1314 2915 1344 2969; x_wconf 82' lang='lat'>75</span> 
     </span>
     <span class='ocr_line' id='line_1_34' title="bbox 371 2973 906 3057; baseline 0 -19"><span class='ocrx_word' id='word_1_172' title='bbox 371 2975 484 3039; x_wconf 92' lang='lat' dir='ltr'>licetne</span> <span class='ocrx_word' id='word_1_173' title='bbox 507 2977 562 3038; x_wconf 91' lang='lat' dir='ltr'>hos</span> <span class='ocrx_word' id='word_1_174' title='bbox 584 2974 734 3057; x_wconf 90' lang='lat' dir='ltr'>appellare</span> <span class='ocrx_word' id='word_1_175' title='bbox 757 2973 906 3038; x_wconf 81' lang='lat' dir='ltr'>obsecro?</span> 
     </span>
    </p>

    <p class='ocr_par' dir='ltr' id='par_1_16' title="bbox 372 3061 1300 3230">
     <span class='ocr_line' id='line_1_35' title="bbox 922 3061 1300 3146; baseline 0.008 -23"><span class='ocrx_word' id='word_1_176' title='bbox 922 3084 976 3144; x_wconf 93' lang='lat' dir='ltr'>per</span> <span class='ocrx_word' id='word_1_177' title='bbox 998 3084 1048 3124; x_wconf 92' lang='lat' dir='ltr'>me</span> <span class='ocrx_word' id='word_1_178' title='bbox 1070 3063 1197 3146; x_wconf 91' lang='lat' dir='ltr'>quidem</span> <span class='ocrx_word' id='word_1_179' title='bbox 1219 3061 1300 3126; x_wconf 93' lang='lat' dir='ltr'>licet.</span> 
     </span>
     <span class='ocr_line' id='line_1_36' title="bbox 372 3148 1263 3230; baseline 0 -18"><span class='ocrx_word' id='word_1_180' title='bbox 372 3149 504 3213; x_wconf 91' lang='lat' dir='ltr'>Hiccine</span> <span class='ocrx_word' id='word_1_181' title='bbox 526 3149 651 3212; x_wconf 82' lang='lat' dir='ltr'>obsecro</span> <span class='ocrx_word' id='word_1_182' title='bbox 673 3150 722 3211; x_wconf 85' lang='lat' dir='ltr'>fur</span> <span class='ocrx_word' id='word_1_183' title='bbox 744 3163 799 3229; x_wconf 91' lang='lat' dir='ltr'>est,</span> <span class='ocrx_word' id='word_1_184' title='bbox 822 3169 918 3230; x_wconf 93' lang='lat' dir='ltr'>quem</span> <span class='ocrx_word' id='word_1_185' title='bbox 940 3151 1124 3230; x_wconf 87' lang='lat' dir='ltr'>quaerebatis</span> <span class='ocrx_word' id='word_1_186' title='bbox 1147 3148 1263 3213; x_wconf 87' lang='lat' dir='ltr'>modo?</span> 
     </span>
    </p>
   </div>
   <div class='ocr_carea' id='block_1_12' title="bbox 309 3234 1098 3318">
    <p class='ocr_par' dir='ltr' id='par_1_17' title="bbox 309 3234 1098 3318">
     <span class='ocr_line' id='line_1_37' title="bbox 309 3234 1098 3318; baseline -0.003 -17"><span class='ocrx_word' id='word_1_187' title='bbox 309 3284 316 3301; x_wconf 91' lang='lat'><strong>.</strong></span> <span class='ocrx_word' id='word_1_188' title='bbox 373 3234 402 3300; x_wconf 87' lang='lat' dir='ltr'>Si</span> <span class='ocrx_word' id='word_1_189' title='bbox 426 3238 458 3298; x_wconf 93' lang='lat' dir='ltr'>in</span> <span class='ocrx_word' id='word_1_190' title='bbox 481 3250 511 3298; x_wconf 91' lang='lat' dir='ltr'>te</span> <span class='ocrx_word' id='word_1_191' title='bbox 535 3234 680 3316; x_wconf 89' lang='lat' dir='ltr'>incidero,</span> <span class='ocrx_word' id='word_1_192' title='bbox 702 3235 786 3318; x_wconf 91' lang='lat' dir='ltr'>quod</span> <span class='ocrx_word' id='word_1_193' title='bbox 809 3236 937 3297; x_wconf 89' lang='lat' dir='ltr'>meritus</span> <span class='ocrx_word' id='word_1_194' title='bbox 958 3257 990 3297; x_wconf 92' lang='lat' dir='ltr'>es</span> <span class='ocrx_word' id='word_1_195' title='bbox 1012 3235 1098 3299; x_wconf 85' lang='lat' dir='ltr'>feres.</span> 
     </span>
    </p>
   </div>
   <div class='ocr_carea' id='block_1_13' title="bbox 371 3321 1347 3581">
    <p class='ocr_par' dir='ltr' id='par_1_18' title="bbox 371 3321 1347 3581">
     <span class='ocr_line' id='line_1_38' title="bbox 371 3321 1091 3406; baseline -0.004 -19"><span class='ocrx_word' id='word_1_196' title='bbox 371 3323 525 3406; x_wconf 92' lang='lat' dir='ltr'>Nunquid</span> <span class='ocrx_word' id='word_1_197' title='bbox 546 3322 664 3385; x_wconf 90' lang='lat' dir='ltr'>evocari</span> <span class='ocrx_word' id='word_1_198' title='bbox 688 3323 762 3385; x_wconf 91' lang='lat' dir='ltr'>hinc</span> <span class='ocrx_word' id='word_1_199' title='bbox 783 3323 828 3384; x_wconf 92' lang='lat' dir='ltr'>vis</span> <span class='ocrx_word' id='word_1_200' title='bbox 851 3322 930 3384; x_wconf 85' lang='lat' dir='ltr'>foras</span> <span class='ocrx_word' id='word_1_201' title='bbox 951 3321 1091 3404; x_wconf 86' lang='lat' dir='ltr'>Juliam?</span> 
     </span>
     <span class='ocr_line' id='line_1_39' title="bbox 373 3408 1347 3496; baseline 0.003 -24"><span class='ocrx_word' id='word_1_202' title='bbox 373 3432 432 3496; x_wconf 84' lang='lat' dir='ltr'>ego</span> <span class='ocrx_word' id='word_1_203' title='bbox 454 3410 533 3471; x_wconf 90' lang='lat' dir='ltr'>hanc</span> <span class='ocrx_word' id='word_1_204' title='bbox 555 3409 611 3471; x_wconf 92' lang='lat' dir='ltr'>tibi</span> <span class='ocrx_word' id='word_1_205' title='bbox 634 3408 742 3471; x_wconf 86' lang='lat' dir='ltr'>lubens</span> <span class='ocrx_word' id='word_1_206' title='bbox 764 3409 916 3490; x_wconf 86' lang='lat' dir='ltr'>praestabo</span> <span class='ocrx_word' id='word_1_207' title='bbox 938 3429 1074 3490; x_wconf 74' lang='lat' dir='ltr'>operam,</span> <span class='ocrx_word' id='word_1_208' title='bbox 1313 3425 1347 3477; x_wconf 84' lang='lat'>80</span> 
     </span>
     <span class='ocr_line' id='line_1_40' title="bbox 373 3493 1267 3581; baseline 0.002 -23"><span class='ocrx_word' id='word_1_209' title='bbox 373 3497 426 3560; x_wconf 91' lang='lat' dir='ltr'>hic</span> <span class='ocrx_word' id='word_1_210' title='bbox 449 3497 576 3577; x_wconf 81' lang='lat' dir='ltr'>habitat,</span> <span class='ocrx_word' id='word_1_211' title='bbox 598 3518 692 3579; x_wconf 89' lang='lat' dir='ltr'>prope</span> <span class='ocrx_word' id='word_1_212' title='bbox 714 3511 771 3576; x_wconf 84' lang='lat' dir='ltr'>est,</span> <span class='ocrx_word' id='word_1_213' title='bbox 793 3516 834 3558; x_wconf 86' lang='lat' dir='ltr'>ne</span> <span class='ocrx_word' id='word_1_214' title='bbox 856 3517 946 3581; x_wconf 83' lang='lat' dir='ltr'>nega,</span> <span class='ocrx_word' id='word_1_215' title='bbox 969 3495 1030 3558; x_wconf 90' lang='lat' dir='ltr'>iam</span> <span class='ocrx_word' id='word_1_216' title='bbox 1052 3493 1107 3558; x_wconf 85' lang='lat' dir='ltr'>fiet</span> <span class='ocrx_word' id='word_1_217' title='bbox 1128 3495 1152 3557; x_wconf 91' lang='lat' dir='ltr'>si</span> <span class='ocrx_word' id='word_1_218' title='bbox 1174 3493 1267 3560; x_wconf 89' lang='lat' dir='ltr'>voles.</span> 
     </span>
    </p>
   </div>
   <div class='ocr_carea' id='block_1_14' title="bbox 0 0 1696 4225">
    <p class='ocr_par' dir='ltr' id='par_1_19' title="bbox 0 0 1696 4225">
     <span class='ocr_line' id='line_1_41' title="bbox 0 0 1696 4225; baseline 0 0"><span class='ocrx_word' id='word_1_219' title='bbox 0 0 1696 4225; x_wconf 95' lang='lat' dir='ltr'> </span> 
     </span>
    </p>
   </div>
  </div>
 </body>
</html>
