3359 4225
336 564 388 646 50
713 542 1066 621 HYMENAEUS
1181 553 1278 636 [Aer.
1293 572 1327 635 4,
1342 552 1391 617 Sc.
1409 560 1443 634 5⁸

462 750 493 797 te
516 733 563 798 vel
587 733 746 798 nolentem
769 736 892 818 arripiet
915 736 1062 799 mordica

332 821 437 888 Panto.
462 821 514 884 Ha
535 823 575 884 ha
597 818 658 885 he!
691 837 722 886 et
744 844 802 906 ego
824 823 848 885 si
872 821 923 884 illa
945 824 1066 904 esuriat,

463 930 513 971 me
536 908 763 972 comedendum
786 924 818 971 et
840 908 1051 972 devorandum
1074 908 1117 972 illi
1140 909 1228 973 dabo.

333 995 400 1060 Got.
461 994 504 1058 Et
526 995 728 1059 deridendum
750 1017 820 1059 vna.
867 994 922 1059 Pol
946 1012 1139 1079 peramanter
1161 996 1244 1060 facis.

330 1082 436 1146 Panto.
459 1082 518 1146 Sed
541 1104 596 1145 cur
618 1104 687 1145 eam
710 1098 775 1145 tam
798 1082 910 1146 bellam
933 1105 1013 1166 equo
1034 1083 1213 1147 assimulas?

333 1168 400 1233 Got.
462 1168 547 1242 Quia
569 1184 614 1232 est
636 1184 707 1252 apta
728 1185 762 1232 vt
784 1191 881 1253 equus
903 1170 1029 1232 ferendo
1051 1171 1147 1233 oneri.

331 1255 437 1319 Panto.
463 1254 580 1319 Probus
602 1277 643 1319 es.
687 1257 738 1319 hic
761 1279 812 1319 me
834 1279 891 1319 suo
913 1255 1045 1319 delectat
1068 1258 1202 1340 ingenio.
1407 1287 1438 1337 35

462 1341 521 1405 Sed
544 1364 634 1426 perge
657 1358 691 1405 vt
713 1344 818 1425 cepisti
843 1344 974 1406 rationes
995 1343 1164 1406 ostendere.

332 1430 402 1495 Got.
463 1429 509 1493 Vt
531 1428 574 1492 sol
597 1430 648 1491 vbi
671 1429 765 1492 semel
789 1428 950 1493 Cancrum
972 1430 1084 1514 attigit,

462 1517 613 1579 continuo
634 1515 672 1578 ad
696 1516 922 1599 Capricornum
946 1518 1145 1598 convertitur,

463 1604 505 1665 ita
526 1617 580 1666 tua
600 1602 694 1685 Julia,
716 1626 785 1686 quae
810 1602 973 1686 perdiderit
996 1603 1194 1687 Erophilum,

462 1688 569 1751 relicto
591 1688 645 1751 illo
666 1689 703 1752 ad
727 1705 757 1752 te
779 1692 884 1754 statim
906 1691 1019 1753 veniet.
1405 1723 1440 1770 40

331 1776 440 1840 Panto.
464 1777 517 1840 Ah
540 1776 666 1839 tandem
689 1775 798 1858 places,
821 1799 891 1839 eam
913 1799 987 1841 cum
1009 1776 1106 1840 solem
1128 1800 1219 1841 voces

461 1863 581 1926 fontem
603 1863 687 1944 vitae,
710 1864 762 1926 sed
784 1886 840 1928 cur
862 1865 946 1928 hunc
970 1863 1129 1928 Cancrum
1151 1864 1265 1928 vocas?

333 1950 400 2015 Got.
462 1948 548 2022 Quia
569 1950 633 2013 eius
655 1972 742 2013 amor
764 1966 854 2014 motu
876 1950 992 2013 incedit
1014 1952 1199 2037 retrogrado.

329 2036 435 2100 Panto.
459 2035 567 2109 Quam
589 2033 717 2122 argute!
748 2037 800 2100 sed
823 2060 880 2101 cur
902 2037 1110 2121 Capricornus
1132 2038 1213 2126 egoi

332 2124 400 2189 Got.
462 2124 590 2204 Omnis,
613 2126 695 2205 here,
718 2124 889 2188 similitudo
911 2124 1073 2190 claudicat.
1405 2159 1438 2208 45

397 2274 400 2279 ,
462 2210 521 2274 Sed
542 2225 609 2273 vter
632 2210 757 2274 tandem
780 2213 866 2295 cupis
888 2235 950 2275 esse
973 2215 1075 2295 potius

462 2297 597 2376 Cancer,
620 2313 652 2361 vt
675 2321 743 2361 eam
766 2299 899 2380 amittas,
920 2321 960 2361 an
984 2299 1191 2382 Capricornus
1212 2316 1245 2363 vt
1268 2301 1429 2366 invenias?

331 2385 439 2449 Panto.
463 2383 534 2447 Imo
556 2383 658 2448 hercle
681 2384 889 2468 Capricornus
911 2408 973 2448 eme
997 2385 1088 2450 malo.

335 2473 401 2537 Got.
463 2470 518 2534 Pol
541 2472 628 2555 sapis,
651 2473 734 2552 here,
758 2472 800 2534 ita
822 2494 944 2536 necesse
968 2473 1039 2552 fuit,

462 2580 536 2621 nam
558 2560 581 2621 si
605 2558 654 2621 ille
677 2557 810 2640 Cancer,
832 2560 886 2642 qui
909 2582 979 2622 eam
1000 2561 1145 2641 amiserit,
1408 2593 1441 2644 50

462 2660 497 2708 tu
520 2644 738 2727 Capricornus,
762 2647 785 2708 si
809 2668 878 2708 eam
903 2648 1062 2711 inveneris.

332 2732 439 2797 Panto.
462 2731 611 2795 Tandem
635 2731 782 2816 intelligo.

335 2820 400 2884 Got.
794 2834 824 2882 et
848 2821 974 2883 tandem
996 2843 1104 2902 precor
1125 2823 1247 2886 sentias.

332 2906 439 2970 Panto.
463 2904 497 2970 Ο
521 2906 649 2968 vtinam.

333 2993 401 3058 Got.
663 3007 756 3076 atque
778 3015 819 3056 ne
840 2993 971 3075 dubites,
993 2995 1076 3077 here,

462 3101 527 3142 non
542 3094 666 3165 egomet
680 3094 797 3144 temere
812 3082 892 3144 hanc
908 3098 1103 3146 commentus
1117 3104 1185 3147 sum
1202 3085 1353 3148 rationem
1369 3087 1438 3168 tibi,

463 3189 528 3229 rem
551 3189 679 3229 omnem
702 3168 759 3230 hac
786 3183 879 3231 nocte
900 3169 1050 3231 somniavi
1074 3171 1223 3252 proxima.
1406 3201 1437 3252 55

332 3253 439 3317 Panto.
465 3253 552 3327 Quid
574 3253 722 3317 obsecro?

334 3341 401 3405 Got.
752 3340 835 3403 illam
859 3364 922 3405 eme
943 3341 1040 3404 solem
1063 3344 1190 3426 scilicet,

462 3443 493 3490 te
516 3449 588 3490 vero
612 3426 837 3511 Capricornum
862 3427 1032 3491 brumalem
1054 3432 1223 3513 tropicum,

463 3514 515 3597 qui
539 3536 685 3598 magnam
707 3537 808 3598 passus
830 3537 908 3579 esses
929 3517 1041 3580 amoris
1063 3518 1218 3604 hyemem,
