3359 4225
284 522 369 586 Aer.
385 540 417 605 2,
433 522 483 588 Sc.
502 523 548 607 1⁸]
665 512 1014 590 HYMENAEUS

286 705 358 770 Ero.
420 706 509 769 Facis
530 720 648 769 ecastor
669 720 703 768 vt
725 704 812 768 soles.

286 793 374 857 Cam.
830 792 903 873 iam,
925 793 948 855 si
972 791 1134 876 videbitur,
1158 795 1189 857 in
1213 794 1317 857 forum

287 966 319 1030 E
417 900 623 962 properemus,
646 893 679 941 vt
702 895 848 961 parentur
870 880 982 961 quibus
1003 902 1080 963 opus
1101 896 1205 1032 est.C

319 989 360 1031 ro.
1206 989 1308 1032 cnseo.

583 1202 752 1275 ACTUS
780 1224 814 1275 2.
870 1203 1036 1276 SCENA
1067 1215 1110 1276 1⁸.

741 1352 848 1416 Sannio
869 1355 948 1418 solus.

422 1470 479 1557 Dij
504 1470 692 1535 immortales
714 1472 746 1533 in
769 1493 830 1555 qua
853 1486 945 1535 aetate
966 1469 1120 1536 vivimus!

421 1574 538 1643 quanta
559 1573 604 1622 est
625 1581 699 1621 cum
722 1559 829 1641 coquis
851 1560 969 1621 rixandi
993 1556 1153 1623 molestia!

422 1645 610 1729 disperdunt,
633 1646 777 1728 perdunt,
801 1646 995 1727 profundunt
1016 1647 1172 1729 pecunias,

423 1733 465 1795 ita
486 1748 646 1815 sumptum
668 1733 724 1795 sibi
747 1732 846 1796 modis
867 1749 1026 1796 accersunt
1049 1734 1201 1797 omnibus.

423 1818 589 1903 Magrinus
612 1841 662 1882 me
685 1820 768 1882 intus
788 1834 822 1882 vt
844 1819 966 1882 volebat
988 1818 1112 1884 fallere!

424 1907 512 1970 cuius
535 1928 608 1969 cum
631 1908 722 1969 herus
745 1907 1061 1988 resciscet-astutiam,

423 2015 495 2057 eum
518 1993 630 2078 quibus
651 1994 762 2077 dignus
783 2009 828 2057 est
851 1993 950 2057 modis
971 1995 1109 2075 accipiet.

423 2079 516 2145 Tum
537 2101 610 2144 vero
632 2102 683 2144 me
704 2080 799 2145 modo
820 2080 863 2144 sic
885 2080 956 2145 lusit
978 2080 1086 2164 lepide.

424 2168 496 2251 quia
518 2169 595 2231 mihi
618 2167 773 2251 profusam
796 2169 922 2231 barbam
944 2184 1055 2232 natura
1076 2169 1238 2252 benignior
1261 2169 1355 2252 dedit,

423 2255 581 2318 barbatam
604 2278 655 2318 me
677 2277 800 2338 capram
824 2254 916 2318 videti
941 2256 1017 2318 dixit
1039 2256 1106 2319 sibi.
1370 2287 1400 2323 ιο

424 2341 483 2407 Sed
504 2357 536 2405 et
557 2341 640 2405 aliud
662 2357 717 2424 est,
738 2342 823 2426 quod
846 2364 896 2404 me
919 2343 1011 2405 habet
1034 2342 1124 2423 male,

423 2428 509 2512 Juiia
530 2444 643 2510 nostra,
665 2445 700 2493 vt
722 2451 834 2511 procax
856 2444 955 2492 estet
977 2429 1135 2508 maledica,

424 2516 535 2599 quibus
557 2538 609 2579 me
631 2515 725 2578 modo
747 2515 865 2598 accepit
887 2515 1094 2601 contumelijs

446 2602 507 2665 uod
530 2601 757 2686 Pantomagum
780 2624 993 2685 praeponerem
1016 2601 1178 2685 Erophilo!

424 2625 485 2752 ied
506 2712 576 2753 mea
598 2690 660 2752 iarn
682 2712 772 2774 agam
795 2691 928 2773 negotia.
1370 2721 1398 2770 15

425 2777 498 2840 hem
521 2777 596 2860 quid
618 2776 700 2840 hoc?
730 2798 794 2839 non
818 2776 918 2859 placet
940 2798 1141 2859 expensarum
1166 2777 1254 2859 ratio,

425 2864 597 2946 pistoribus,
619 2862 719 2949 lanijs,
742 2864 860 2946 coquis,
884 2864 1091 2947 piscatoribus,

427 2951 534 3035 ingens
556 2950 733 3015 concredita
753 2972 876 3014 summa
897 2951 1047 3034 pecuniae.

425 3053 457 3101 at
479 3037 569 3100 retuli
592 3039 702 3120 opinor
724 3039 755 3100 in
778 3038 918 3101 codicem
941 3038 1056 3120 omnia,

425 3125 589 3188 conveniet
611 3146 758 3188 numerus
780 3142 933 3208 quantum
957 3126 1069 3208 cuique
1090 3125 1237 3188 dederim.
1368 3157 1400 3193 ιο

426 3211 485 3277 Sed
506 3226 591 3275 estne
613 3213 664 3275 hic
687 3210 896 3296 Pantomagus
918 3213 1065 3293 medicus,

426 3299 479 3383 qui
502 3297 539 3361 ad
563 3320 619 3361 nos
641 3300 732 3363 hodie
754 3302 885 3363 conviva
905 3298 1014 3363 venit?
1130 3300 1249 3384 [Intrat
1264 3299 1399 3365 Pantom.

427 3386 451 3448 is
473 3400 528 3467 est,
552 3386 602 3448 ibo
625 3386 707 3449 intro
729 3403 763 3450 vt
786 3401 933 3450 curentur
956 3386 1071 3450 omnia.

366 3605 400 3648 M.
414 3604 437 3650 S.
