3359 4225
689 478 1038 557 HYMENAEus
1156 489 1251 573 [rer.
1271 507 1299 569 1,
1319 448 1368 551 seg
1388 489 1421 547 ι·

443 670 520 733 mori
544 692 595 733 me
618 670 736 734 malim.
783 671 915 753 Sequere
938 691 1000 751 me,
1023 668 1168 735 Gothrio.

373 804 381 821 .
444 755 533 839 Vale,
556 755 728 821 Frederice.

744 843 831 917 Quid
854 866 939 907 nunc
961 843 1026 907 ais?

382 969 388 979 =
442 945 476 994 vt
497 952 554 995 nos
575 932 660 995 hunc
683 933 757 994 hinc
779 928 958 1016 abegimus!

316 1076 318 1081 ,
440 1018 515 1102 quid
538 1017 639 1082 dixisti
663 1040 736 1081 curn
759 1034 936 1082 commotus
957 1033 1003 1081 est
1025 1015 1206 1100 tantopere?

369 1152 377 1168 .
440 1106 568 1170 Servum
590 1106 655 1168 eius
679 1106 740 1168 dixi
763 1106 888 1168 mentiri
911 1120 944 1168 vt
967 1105 1134 1167 medicum.
1384 1118 1417 1182 85

373 1240 380 1256 .
444 1191 587 1255 Profecto
609 1191 746 1275 pulchre,
768 1193 845 1274 quin
867 1193 910 1255 sic
932 1214 1051 1274 semper
1074 1191 1189 1272 factio,

442 1294 477 1342 tu
500 1278 566 1342 illos
589 1278 690 1359 irride,
713 1301 771 1363 ego
794 1300 849 1361 pro
871 1294 1000 1361 vtroque
1022 1279 1175 1362 pugnabo.

441 1387 528 1429 nunc
551 1366 624 1428 hinc
648 1381 730 1429 recta
752 1367 897 1428 abeamus
919 1366 957 1428 ad
980 1364 1093 1428 forum.

368 1501 375 1517 .
439 1452 497 1517 Sed
519 1451 685 1535 Erophilus
707 1453 745 1515 ab
769 1452 902 1515 Alfonso
924 1453 995 1517 exit
1168 1452 1289 1536 [Intrat
1303 1450 1414 1534 Eroph.

371 1538 994 1623 ,Μωὼωψωα

1007 1648 1127 1709 sequor.
1383 1656 1417 1709 90

596 1850 765 1923 ACTUS
797 1874 827 1923 1.
882 1850 1047 1923 SCENA
1073 1861 1120 1923 2².

626 2004 787 2088 Erophilus.
833 2003 935 2092 Jurta.
980 2004 1096 2068 sannio.

441 2145 572 2230 Sequere
594 2146 653 2208 hac
674 2168 736 2228 me,
755 2145 849 2230 Julia,
871 2169 912 2210 ne
933 2162 965 2209 te
987 2161 1071 2228 pater
1093 2147 1259 2228 conspiciat
1281 2159 1360 2210 tuus.

441 2232 516 2295 Non
539 2233 682 2316 equidem
705 2233 803 2295 audeo
825 2232 946 2317 longius
968 2234 1005 2295 ab
1029 2232 1147 2295 aedibus
1168 2232 1339 2313 abscedere,

442 2320 484 2383 ita
498 2342 550 2382 me
565 2334 667 2382 noster
682 2320 767 2402 quasi
783 2320 868 2382 canis
883 2320 1040 2382 venaticus
1055 2333 1261 2402 perscrutatur
1275 2319 1400 2385 Sannio.

375 2453 382 2469 .
442 2407 488 2469 At
511 2407 572 2469 huc
595 2405 755 2488 paululum
778 2407 913 2469 concede
935 2429 954 2469 a
976 2406 1101 2487 foribus,

440 2514 481 2556 ne
502 2493 570 2576 quis
592 2492 672 2556 clam
696 2508 835 2557 nostrum
857 2515 1032 2556 sermonem
1054 2492 1194 2575 excipiat.
1400 2521 1414 2572 5

373 2626 380 2642 .
440 2579 591 2643 Eundum
615 2580 713 2642 video.
759 2602 821 2664 quo
843 2595 933 2643 vocat
954 2603 1051 2662 amor,
1074 2602 1193 2663 sequor.

374 2713 381 2730 .
442 2666 530 2740 Quid
551 2667 681 2753 agimus,
702 2666 808 2751 Julia?
837 2689 995 2751 quovsque
1018 2669 1167 2730 trahimus
1189 2666 1313 2731 moras?

441 2775 496 2816 cur
518 2775 582 2816 non
605 2754 716 2816 nostris
736 2754 819 2817 viam
841 2756 1032 2837 exquirimus
1053 2754 1218 2835 amoribus,

440 2840 491 2904 sed
514 2839 598 2902 lenta
619 2841 689 2902 tabe
712 2841 832 2923 vtrique
855 2841 989 2924 perimus
1012 2840 1135 2905 miseri?

439 2926 539 2989 virum
562 2928 617 2989 tibi
641 2942 726 3008 pater
748 2925 904 3008 stolidum,
927 2928 979 2990 sed
1002 2928 1129 2990 divitem
1385 2960 1414 2996 10

440 3011 667 3097 Pantomagum
690 3029 786 3095 parat,
809 3014 859 3076 cui
883 3031 913 3077 te
936 3030 1065 3097 nuptam
1089 3014 1180 3078 locet.

311 3098 384 3189 Jul.
444 3100 491 3163 At
513 3101 589 3163 mihi
611 3099 660 3163 vel
682 3098 771 3163 tellus
793 3101 857 3163 ima
879 3101 1013 3165 dehiscat
1036 3102 1127 3183 prius,

440 3209 533 3271 quam
557 3187 612 3250 tibi
636 3187 749 3268 datam,
772 3187 931 3270 Erophile,
954 3188 1058 3251 fallam
1082 3188 1185 3252 fidem.

308 3274 379 3338 Ero.
439 3274 524 3361 Ergo
546 3289 675 3337 secretas
696 3295 783 3337 aures
805 3275 1007 3337 accommoda
1029 3276 1116 3338 mihi.

308 3359 383 3512 gul.
439 3360 588 3425 Iniuriam
604 3361 680 3423 mihi
697 3361 780 3442 facis,
796 3360 954 3445 Erophile,
964 3363 988 3424 si
1004 3385 1107 3426 meam
1123 3364 1235 3427 metuis
1249 3362 1353 3428 fidem.
1380 3397 1409 3445 15

339 3471 380 3512 ro.
439 3448 504 3528 Ah,
526 3447 620 3532 Julia‚
644 3469 761 3512 enecas.
805 3469 870 3511 non
893 3463 929 3512 tu
951 3450 1009 3512 scis
1031 3451 1185 3533 equidem,
