3359 4225
718 508 1068 586 HYMENAEUS
1187 518 1283 601 [Aer.
1300 535 1331 600 5,
1347 516 1396 582 Sc.
1413 524 1448 579 2⁸

469 702 529 764 hoc
551 702 635 764 enim
659 723 753 764 nemo
777 700 918 787 Venetijs
940 701 1062 765 habitus
1083 716 1128 764 est
1151 702 1316 783 potentior.
1417 731 1448 767 ιο

470 784 529 852 Sed
553 789 675 874 perijsse
697 804 787 851 tuum
810 810 914 851 narras
935 786 1059 851 filium?

470 874 630 961 deperijsse
652 874 787 958 aliquam
810 876 910 937 forsan
933 874 1055 938 voluisti
1078 874 1189 939 dicere.

400 1009 408 1025 .
470 960 541 1025 Imo
563 985 636 1026 vero
658 977 818 1025 mortuum
841 962 920 1026 dico.

421 1095 429 1111 .
471 1048 559 1122 Quid
582 1047 765 1112 mortuum?
796 1049 827 1111 id
849 1047 991 1132 equidem
1014 1049 1215 1111 humanitatis
1238 1050 1304 1112 iure
1326 1048 1425 1113 doleo.

471 1136 524 1199 sed
546 1137 599 1219 qui
623 1137 683 1199 hoc
705 1157 812 1218 quaeso
833 1135 871 1198 ad
894 1158 945 1197 me
967 1136 1160 1218 potissimum
1181 1134 1317 1198 attinet?
1418 1164 1447 1215 15

473 1223 601 1286 Audies.
647 1246 664 1286 e
687 1224 747 1285 tuis
769 1221 866 1285 elatus
888 1237 932 1285 est
955 1237 1095 1285 mortuus
1118 1222 1244 1285 aedibus.

472 1308 526 1373 Te
548 1308 695 1392 plerique,
719 1309 924 1389 Ferdinande,
946 1309 1116 1390 sapientem
1139 1324 1325 1391 memorant,

473 1411 503 1459 et
526 1418 641 1480 magno
663 1396 806 1480 Venetijs
828 1398 861 1457 in
885 1398 1003 1459 honore
1024 1417 1088 1458 esse
1110 1396 1262 1477 habitum,

471 1505 512 1545 ne
534 1505 636 1545 meam
659 1497 776 1545 temere
797 1482 927 1545 domum
950 1483 1009 1544 hoc
1030 1481 1143 1545 scelere
1165 1505 1281 1547 oneres.

472 1568 521 1633 Sic
543 1585 587 1632 est
609 1570 694 1631 enim
717 1569 807 1632 hodie
830 1583 940 1632 natura
962 1569 1138 1649 hominum,

472 1655 549 1718 nihil
572 1655 737 1718 maledicto
759 1656 941 1741 dispergitur
963 1655 1061 1718 latius.

474 1743 562 1825 proin
585 1742 661 1804 dum
683 1757 805 1826 tempus
826 1758 882 1824 est,
905 1743 980 1825 quid
1001 1741 1134 1825 loquaris
1156 1764 1240 1807 cave.

472 1852 539 1893 sero
560 1845 721 1892 revocatur
742 1851 849 1892 emissa
870 1843 1033 1892 accusatio.

403 1966 411 1983 .
473 1917 549 1980 Non
573 1930 604 1979 te
626 1937 693 1999 ego,
716 1916 888 1998 Alpbonse,
911 1930 1088 1978 accusatum
1110 1917 1213 1996 venio,

473 2026 532 2067 nec
554 2004 645 2066 huius
667 2002 787 2066 sceleris
810 2017 841 2065 te
864 2003 934 2065 volo
956 2024 1044 2064 reum
1067 2002 1180 2081 dicere,

474 2091 549 2175 quin
572 2113 645 2154 eum
668 2090 699 2152 in
723 2091 783 2153 tuis
805 2104 966 2154 mortuum
989 2089 1057 2152 dico
1081 2090 1208 2171 aedibus,

474 2178 651 2261 elatumque
673 2178 749 2240 adeo
772 2200 789 2240 e
811 2177 949 2240 conclavi
973 2176 1078 2261 Juliae.

344 2266 433 2351 Alph.
476 2263 587 2338 Quid?
625 2265 698 2326 hinc
720 2263 835 2327 elatum
859 2279 1018 2327 mortuum
1041 2286 1058 2326 e
1081 2262 1218 2327 conclavi
1240 2263 1360 2347 Juliae?

473 2352 540 2436 quis
561 2366 626 2413 tam
648 2351 747 2413 audax
769 2352 822 2434 qui
847 2351 925 2413 istuc
947 2351 1048 2413 dicere
1069 2350 1202 2414 audeat?

344 2440 412 2504 Fer.
474 2438 558 2502 Ecce
581 2435 727 2501 Pantaleo
751 2435 805 2522 filij
829 2459 932 2501 servus
954 2439 1025 2500 mei.

344 2527 432 2611 Alph.
471 2526 570 2590 Tune
593 2525 666 2587 hinc
689 2523 788 2587 vidisti
811 2522 934 2587 efferri?

342 2614 454 2678 Panto.
474 2612 581 2693 Certo,
606 2611 774 2694 Alphonse,
796 2627 827 2674 et
851 2612 883 2673 in
906 2612 986 2674 hanc
1008 2612 1116 2674 cistam
1139 2613 1327 2695 impositum.

345 2701 434 2785 Alph.
474 2700 559 2763 Nam
582 2700 650 2781 quis
672 2697 840 2780 imposuit?

344 2788 457 2852 Panto.
861 2784 940 2868 Ego,
963 2785 1125 2865 Amerina,
1147 2800 1179 2848 et
1200 2785 1294 2871 Julia.

344 2874 432 2959 Alph.
472 2871 516 2938 Et
538 2872 589 2934 vbi
613 2870 775 2935 mortuus?

344 2962 458 3026 Panto.
791 2956 829 3021 In
853 2958 991 3021 conclavi
1012 2958 1115 3041 Juliae.

343 3048 433 3133 Alph.
474 3047 601 3112 Summe
625 3067 683 3130 ego
705 3045 806 3126 miser,
829 3046 853 3107 si
877 3046 933 3109 iste
955 3067 1025 3108 vera
1048 3046 1206 3127 praedicat,
1419 3079 1449 3131 35

474 3135 527 3219 qui
550 3131 646 3196 filiam
669 3132 798 3194 habeam
821 3132 919 3195 isthoc
942 3133 1068 3215 ingenio
1090 3133 1260 3214 praeditam.

476 3222 563 3284 Heus
586 3220 690 3282 iubeto
713 3221 774 3281 huc
797 3219 877 3281 foras
898 3220 1016 3282 evocari
1039 3219 1166 3302 Juliam,

475 3307 559 3371 illam
581 3307 644 3370 scio
666 3305 812 3390 quicquid
835 3320 879 3368 est
903 3307 1049 3368 fassuram
1072 3307 1159 3370 mihi.
1215 3306 1333 3391 [Intrat
1346 3306 1450 3397 Julia.

472 3393 566 3478 julia,
589 3408 633 3457 est
655 3392 739 3476 quod
762 3408 793 3454 te
815 3414 931 3476 rogem.
973 3391 1083 3456 falsum
1106 3393 1286 3476 respondeas
1307 3417 1391 3462 cave.

342 3484 413 3576 Jul.
473 3482 549 3545 Non
571 3481 614 3544 sic
637 3480 745 3544 edocta
766 3501 846 3561 sum,
870 3479 980 3542 falsum
1003 3495 1036 3542 vt
1059 3480 1258 3562 respondeam
1280 3483 1348 3545 tibi.
1418 3516 1451 3564 40
