3359 4225
286 555 371 632 Aer.
388 574 419 639 2,
438 554 486 621 Sc
502 557 550 641 4⁸]
667 548 1017 627 HYMENAEUS

287 740 352 805 Leo.

289 827 357 892 Got.

418 741 514 807 Meus
535 741 662 805 scilicet.

693 843 764 891 tuus
784 827 937 891 videlicet.

419 915 481 979 Fre
495 916 599 978 fremit
624 916 655 978 in
681 916 809 997 mundo,
834 916 876 990 de¹
895 915 1040 998 deprimit
1064 915 1125 978 alta
1150 916 1313 997 profundo,

419 1002 461 1065 Ri
484 1001 565 1065 mala
586 1003 725 1084 rimatur,
748 1025 802 1065 cus
822 1003 948 1084 cuspide
969 1018 1083 1065 cuncta
1105 1003 1250 1065 minatur.

420 1090 492 1153 Hoc
513 1090 590 1153 adeo
612 1111 730 1152 novum
752 1106 807 1171 est,
829 1112 887 1173 ego
910 1090 969 1151 hoc
992 1090 1096 1152 inveni
1119 1090 1248 1171 primus,

418 1178 518 1240 victus
539 1190 594 1257 est,
617 1176 752 1258 labascit,
775 1193 844 1240 turn
867 1192 920 1239 tua
943 1177 1020 1239 ridet
1041 1175 1135 1259 Julia.
1346 1204 1392 1256 145

349 1311 357 1327 .
417 1263 490 1347 Jam
513 1278 635 1345 tempus
656 1279 700 1326 est
723 1285 778 1326 nos
801 1264 938 1343 introire,
963 1262 1161 1346 Pantomage.

426 1351 466 1413 ibi
489 1373 508 1414 a
530 1372 621 1413 coena
642 1366 853 1433 proponentur
874 1366 997 1413 caetera.

420 1437 483 1500 Vbi
506 1438 562 1501 tibi
585 1438 748 1518 videbitur,
772 1453 808 1500 tu
830 1438 950 1519 praeito,
972 1459 1029 1500 nos
1051 1458 1226 1520 sequemur.

417 1524 487 1608 Ego
509 1547 560 1587 me
582 1525 640 1588 viae
665 1525 720 1587 tibi
744 1525 822 1587 dabo
846 1525 967 1587 ducem.
1112 1523 1272 1607 [Camillus
1287 1523 1393 1586 intrat.

417 1612 509 1676 Tum
532 1633 590 1698 ego
612 1612 685 1674 huic
708 1635 758 1674 me
781 1612 860 1673 dabo
883 1612 1042 1674 comitem.
1349 1639 1397 1687 150

419 1698 463 1762 Et
484 1720 542 1785 ego
564 1714 596 1761 te
617 1720 737 1782 sequar,
759 1714 793 1761 vt
814 1699 924 1761 vmbra
944 1699 1075 1761 asinum.

581 1858 751 1932 nesus
780 1881 812 1931 2.
868 1859 1033 1932 scena
1059 1886 1092 1950 4.

586 2009 738 2073 Camillus.
785 2009 900 2072 Baiuli.
945 2007 1099 2071 Amerina.

366 2179 374 2194 .
418 2132 473 2217 Hij
499 2133 560 2194 iam
583 2133 666 2196 intro
688 2155 719 2196 se
741 2134 779 2196 ad
802 2154 927 2197 coenam
950 2131 1113 2213 recipiunt,

285 3352 356 3415 Bai.

287 3440 373 3503 Cam.

419 2220 468 2282 vbi
491 2241 548 2282 nos
570 2219 636 2282 illos
659 2221 764 2283 statim
787 2237 820 2283 vt
843 2242 931 2302 spero
953 2219 1133 2299 videbimus,

418 2307 475 2370 nisi
498 2308 558 2369 hoc
581 2309 742 2390 negotium
765 2329 816 2369 me
839 2321 1010 2370 remoratur
1032 2307 1133 2368 nimis.

417 2391 505 2455 Nam
528 2408 688 2477 postquam
711 2393 749 2457 ad
772 2395 874 2458 forum
897 2395 999 2475 venio,

418 2481 521 2562 accepi
544 2503 562 2543 a
585 2496 670 2562 patre
692 2503 764 2544 meo
786 2481 898 2561 literas,

417 2588 468 2630 me
491 2590 608 2631 merces
629 2569 775 2651 quasdam
798 2582 999 2650 accepturum
1022 2589 1086 2630 esse
1108 2566 1209 2629 hodie.

418 2654 590 2718 Fabritium
613 2656 666 2738 qui
689 2655 823 2736 advexit,
845 2654 927 2736 apud
949 2655 1052 2716 forum
1075 2654 1206 2717 conveni
1229 2653 1333 2734 modo,

417 2743 470 2825 qui
493 2742 570 2804 mihi
594 2742 671 2805 dixit
692 2764 723 2806 se
746 2743 927 2825 praecepisse
948 2739 1083 2822 servulis,

416 2844 450 2891 vt
472 2850 521 2891 eas
543 2829 672 2891 domum
694 2830 732 2892 ad
755 2851 806 2892 me
827 2828 1024 2891 adducerent.

416 2931 509 2999 atque
530 2917 748 2998 percommode
769 2937 879 2978 eccum
902 2916 991 2979 video

416 3002 564 3085 quosdam
588 3004 649 3066 huc
672 3004 815 3066 advenire
837 3002 963 3066 baiulos.

418 3090 459 3174 dij
484 3089 559 3152 dent
581 3105 615 3152 vt
637 3090 698 3153 sint
720 3112 797 3174 quos
821 3090 923 3171 cupio.

417 3176 503 3240 Nam
526 3175 722 3259 Erophilum,
744 3178 768 3239 si
792 3176 845 3238 diu
867 3197 989 3256 maneo,
1012 3175 1148 3238 multum
1172 3175 1319 3257 fefellero,

416 3284 511 3347 quem
532 3264 597 3326 scio
618 3263 785 3327 sollicitum
808 3285 882 3345 esse,
902 3262 977 3326 dum
1001 3283 1059 3347 ego
1081 3262 1181 3325 redeo.
1227 3261 1293 3325 Vos
1312 3262 1393 3326 vnde

416 3350 449 3413 A
471 3351 541 3413 navi
564 3351 703 3436 Fabritij.
1287 3348 1395 3432 [estisl

723 3439 743 3523 ij
767 3452 850 3500 sunt.
895 3458 958 3520 quo
980 3433 1128 3499 tenditis?
1363 3464 1393 3515 15

283 3527 357 3590 Bai.
413 3525 466 3588 Ad
490 3523 660 3590 Camillum
685 3522 775 3609 Lucij
801 3523 911 3588 lilium.
