3359 4225
285 547 332 601 12

657 525 1006 603 HYMENAEUS
1126 532 1222 617 [Aer.
1242 553 1270 616 1,
1286 533 1334 599 Sc.
1351 539 1387 617 3·

412 720 532 783 Natum
555 736 586 784 te
609 720 761 787 Camillus
782 736 934 785 memorat
956 720 1109 806 Venetijs,

411 821 442 869 et
464 807 526 870 huc
548 829 566 870 a
589 824 674 890 patre
697 810 824 872 missum
848 809 885 871 ad
907 807 1037 871 colenda
1058 808 1165 871 studia.

412 893 506 956 Haud
528 909 560 958 te
582 917 635 977 par
657 911 702 959 est
723 896 820 959 amori
843 895 914 959 dare
936 917 1071 976 operam,

411 980 463 1042 vix
485 980 564 1045 bene
586 983 732 1046 convenit
754 983 871 1046 Veneri
894 1004 967 1045 cum
989 979 1122 1061 Pallade,

412 1088 470 1130 nec
494 1082 526 1132 te
548 1068 598 1132 hic
620 1085 746 1133 ornatus
767 1091 825 1133 nec
848 1070 974 1133 vestitus
996 1067 1146 1131 condecet

413 1175 571 1219 musarum
592 1156 766 1220 alumnum.
811 1155 902 1218 Tum
925 1178 983 1242 ego
1005 1154 1179 1218 valetudine

411 1240 464 1303 vix
486 1257 555 1306 vtor
577 1265 728 1326 prospera,
750 1258 875 1330 gnatam
899 1265 949 1305 me
972 1264 1074 1304 meam
1096 1240 1184 1304 solari
1208 1239 1287 1303 volo.

412 1325 505 1391 Proin
529 1331 604 1393 mihi
628 1331 774 1394 molestus
796 1352 836 1393 ne
858 1330 897 1392 sis
918 1328 1060 1411 amplius,

411 1428 465 1477 tua
486 1419 611 1502 negotia
632 1419 724 1504 agita,
747 1440 850 1480 meam
873 1439 913 1479 ne
935 1416 1039 1479 turbes
1062 1416 1201 1478 domum.

345 1546 353 1561 .
414 1500 562 1565 Aecastor
583 1526 657 1567 cum
679 1505 770 1567 verba
792 1505 863 1567 haec
885 1525 1009 1565 mecum
1031 1502 1201 1583 considero,

285 2978 388 3063 Alph„

285 3239 357 3304 Ero.

284 3325 374 3410 Alpb.

412 1589 595 1653 nonnullam
618 1606 649 1654 te
672 1607 748 1673 puto
771 1592 847 1654 mihi
871 1590 969 1653 facere
992 1590 1145 1652 iniuriam.

412 1696 517 1758 quam,
540 1678 595 1740 etsi
619 1700 676 1762 ego
699 1679 808 1764 dignus
830 1700 927 1741 essem
949 1676 1096 1757 maxime,

411 1777 444 1825 at
465 1776 502 1825 tu
523 1764 654 1827 minime
677 1766 796 1848 dignus,
814 1764 986 1847 Alphonse,
1008 1763 1062 1845 qui
1086 1763 1210 1825 faceres.

412 1847 542 1934 Ignotus
564 1852 692 1914 domum
714 1874 797 1934 saepe
820 1853 881 1914 iam
903 1852 967 1913 viso
990 1864 1087 1930 tuam,

414 1935 562 2000 molestus
584 1959 652 2001 sum
677 1939 782 2002 fateor.
827 1953 859 2001 at
880 1936 1020 2021 nunquid
1043 1936 1146 1999 decuit

413 2024 513 2105 ipsum
537 2039 568 2088 te
591 2026 644 2087 irae
670 2025 847 2088 ministrum
871 2047 933 2087 esse
956 2022 1044 2087 tuae?

412 2133 499 2175 servo
520 2112 714 2176 commodius
737 2114 796 2176 hoe
818 2112 1030 2176 demandasses
1053 2109 1225 2193 negotium,

413 2199 551 2262 hortatus
574 2216 650 2263 esset
672 2201 824 2263 abstinere
847 2200 974 2280 aedibus,

413 2287 588 2367 paruissem.
634 2286 724 2350 Tum
741 2288 808 2370 quis
823 2287 881 2350 sim
897 2301 950 2348 aut
965 2285 1046 2348 vnde
1060 2307 1124 2348 non
1139 2285 1210 2348 satis
1226 2283 1380 2370 intelligis.

414 2371 471 2436 Est
493 2374 566 2459 (dijs
587 2375 694 2458 gratia)
717 2375 804 2437 cuius
826 2395 890 2436 non
913 2373 1007 2455 pudet
1029 2386 1123 2454 pater.
1355 2385 1387 2450 56

413 2458 1028 2545 fflmwmfflfflfflm,

414 2567 472 2609 nec
495 2568 577 2631 aegre
600 2548 672 2610 huic
694 2549 815 2611 vestitui
838 2562 997 2630 sumptum
1020 2546 1164 2632 suggerit.

416 2631 473 2697 Sed
496 2634 579 2717 quod
602 2649 694 2717 caput
716 2656 815 2697 causae
839 2648 884 2696 est
907 2650 960 2697 tua
981 2631 1054 2715 filia,

414 2741 470 2782 cur
493 2720 576 2783 illam
599 2743 711 2804 meque
735 2721 808 2784 falsa
829 2722 1000 2802 suspicione
1022 2718 1152 2783 oneras?
1354 2732 1389 2784 60

415 2806 468 2869 An
494 2808 535 2870 ita
557 2808 608 2870 hic
630 2809 669 2870 ab
691 2808 834 2870 humanis
856 2807 1023 2870 abhorretis
1045 2807 1191 2889 moribus,

415 2907 450 2955 vt
470 2895 622 2977 virginem
644 2916 709 2956 non
732 2894 821 2964 liceat
845 2894 956 2956 intueri
979 2909 1010 2957 et
1034 2892 1191 2976 colloqui?

416 2980 492 3043 Non
514 3002 582 3063 ego,
605 2980 762 3063 Erophile,
785 2982 1011 3043 humanitatem
1034 2995 1120 3044 tuam
1142 2979 1274 3062 postulo,

414 3068 587 3130 humanum
611 3081 655 3130 est
676 3068 827 3151 virginem
851 3068 962 3130 intueri
985 3082 1017 3130 et
1038 3066 1183 3150 colloqui,
1262 3073 1265 3079 '

414 3175 472 3237 ego
494 3175 595 3217 meam
618 3152 713 3216 filiam
737 3156 897 3217 honestam
920 3176 983 3216 non
1007 3154 1176 3216 humanam
1199 3154 1279 3217 volo.
1353 3168 1386 3233 65

416 3241 471 3304 An
493 3262 551 3324 ego
574 3241 694 3304 insidias
717 3242 781 3304 eius
804 3241 898 3304 tendo
920 3239 1101 3323 pudicitiae?

419 3325 507 3391 Istud
529 3350 569 3390 ne
590 3326 655 3408 fiat,
679 3329 740 3410 ipse
763 3349 820 3411 ego
842 3349 960 3391 cavero.

416 3413 519 3495 Proin,
542 3414 698 3497 Erophile,
722 3437 828 3478 meum
852 3415 893 3477 sic
917 3415 1028 3477 habeto
1050 3415 1204 3496 animum,

414 3501 507 3565 aliam
528 3523 635 3584 quaere
658 3502 797 3582 domum,
821 3523 923 3563 meam
946 3500 1120 3584 relinquito.
