3359 4225
286 529 368 595 Aer.
386 544 415 613 5,
431 528 480 596 Sc.
496 534 546 618 4⁸]
660 523 1009 602 HYMENAEUS

285 716 369 779 Duu.
417 715 460 780 Et
483 714 626 780 illumin
649 718 729 780 hanc
752 739 814 781 esse
836 717 945 780 cistam
969 715 1158 799 impositum.

287 801 354 867 Fer.

1172 802 1317 866 maxime.

286 888 370 952 Duu.
418 891 510 953 Hanc
531 912 589 974 ego
611 892 729 972 cistam,
753 891 827 954 dum
850 906 1019 953 nocturnos
1042 890 1124 953 fures
1145 891 1289 973 quaerito,

288 2367 357 2432 Fer.

417 976 448 1039 in
470 978 617 1060 cauponis
638 979 723 1042 istius
745 978 863 1041 aedibus
886 979 1019 1041 invenio.

418 1086 492 1148 rogo
514 1064 594 1128 vnde
616 1066 759 1146 habeant,
783 1065 813 1127 id
835 1066 912 1127 item
935 1065 1072 1127 fatentur
1095 1063 1182 1144 mihi,
1345 1093 1392 1142 130

417 1172 448 1214 se
462 1173 481 1213 a
496 1150 611 1215 foribus
625 1168 791 1234 asportasse
806 1150 910 1236 Lucij,
921 1167 953 1214 et
964 1151 1048 1235 quod
1058 1150 1215 1233 portandis
1226 1150 1392 1232 mercibus,

418 1259 492 1320 quas
514 1236 652 1303 suffurati
675 1254 784 1321 essent,
807 1238 962 1302 videretur
983 1236 1105 1316 idonea,

418 1346 547 1388 vacuam
570 1348 632 1389 esse
655 1326 711 1389 rati
734 1348 851 1389 merces
873 1325 1019 1410 inijciunt
1041 1346 1179 1407 propere,

418 1426 449 1474 et
470 1433 575 1475 secum
598 1413 630 1474 in
652 1434 743 1475 suurn
765 1411 945 1476 cubiculum
966 1413 1115 1475 avehunt.

419 1496 487 1584 Dij,
510 1521 561 1563 me
582 1500 714 1562 servatis.
759 1499 833 1583 quid
856 1521 914 1583 ego
935 1498 1050 1562 audio?
1346 1524 1391 1577 ¹35

419 1584 457 1648 In
480 1585 592 1649 horum
614 1585 757 1649 cubiculo
780 1588 923 1649 inventus
945 1602 990 1649 est
1011 1585 1187 1668 Erophilus,

419 1687 450 1734 et
472 1695 510 1735 ex
533 1673 590 1737 hac
612 1673 687 1736 cista
709 1672 818 1758 exilijt,
840 1689 874 1736 vt
897 1672 940 1735 illi
963 1688 1149 1755 memorant,

419 1757 461 1821 illi
486 1782 517 1821 re
539 1760 639 1824 subita
660 1761 796 1823 exterriti
819 1775 960 1844 surgunt,
983 1761 1236 1841 circumcursant,

418 1867 491 1909 eum
513 1848 643 1929 cupiunt
665 1847 862 1929 prehendere.

419 1932 526 2016 ingens
548 1934 598 1995 hic
612 1934 711 1997 oritur
731 1934 849 1997 clamor
871 1935 903 1996 in
927 1933 1055 2012 aedibus,
1346 1962 1393 2010 140

419 2018 461 2082 illi
484 2036 663 2103 erumpunt,
686 2043 742 2084 nos
763 2043 872 2084 omnes
892 2019 1159 2103 apprehendimus.

416 2106 489 2190 Jam
512 2130 577 2170 rem
600 2131 726 2172 omnem
748 2125 885 2191 apertam
909 2130 972 2171 esse
994 2105 1122 2191 gaudeo,

418 2209 450 2256 et
471 2195 544 2277 quia
566 2195 691 2259 idoneos
713 2196 763 2258 hic
786 2210 878 2259 testes
900 2195 1007 2275 habeo,

418 2279 477 2343 illis
499 2282 698 2364 praesentibus
719 2297 811 2346 tuum
833 2283 889 2345 tibi
913 2282 1000 2345 trado
1022 2280 1131 2346 filium.

419 2367 550 2449 Accipio
572 2370 701 2431 charum
724 2391 838 2432 munus
859 2391 877 2432 a
898 2371 991 2432 chara
1012 2390 1118 2449 manu,
1347 2394 1393 2445 145

418 2469 449 2518 et
472 2477 522 2516 me
544 2454 619 2517 dum
642 2457 711 2518 vivo
733 2478 905 2519 memorem
928 2455 1069 2518 futurum
1091 2455 1236 2539 spondeo.

289 2540 371 2605 Dua.
419 2541 504 2624 Jum,
528 2541 730 2623 Ferdinande,
754 2558 861 2625 tuque,
885 2541 1054 2624 Alphonse,
1077 2543 1153 2606 vale.

288 2627 357 2692 Fer.
372 2642 401 2690 et
414 2626 502 2711 Alph.
531 2628 574 2692 Et
595 2629 651 2692 tibi
676 2629 716 2715 dij
740 2630 802 2692 sint
824 2651 944 2712 semper
966 2629 1100 2714 propitij.

576 2802 746 2876 Actus
776 2826 809 2899 ς.
864 2802 1029 2875 scuNA
1055 2813 1104 2892 42.

525 2943 689 3028 Aaron...
735 2945 946 3008 nrnnanaus.
992 2942 1155 3027 Erophilus.

289 3053 379 3139 Alph.
419 3054 474 3142 Dij
500 3056 697 3138 immortales,
721 3056 868 3140 fataquo
891 3070 1020 3120 currunt
1043 3050 1171 3117 ordine!

420 3158 549 3226 quantas
573 3145 622 3206 hic
644 3146 748 3207 turbas
771 3144 883 3206 medici
906 3165 985 3226 aqua
1008 3137 1112 3205 dedit!

420 3231 582 3294 inventum
605 3231 661 3294 tibi
683 3230 783 3294 filium
806 3231 922 3311 vivum,
946 3228 972 3292 F
974 3226 1150 3307 erdinande,
1173 3225 1301 3310 gaudeo,

421 3333 452 3380 et
474 3317 568 3380 caedis
590 3317 737 3381 dedecore
760 3317 920 3380 liberatam
942 3338 1004 3379 esse
1025 3315 1152 3400 Juliam.

419 3404 535 3487 Teque
557 3405 684 3467 obsecro
705 3405 825 3487 quoties
848 3402 1010 3467 Patavium
1033 3401 1161 3483 veneris,

420 3506 452 3554 vt
475 3513 578 3554 meam
599 3491 708 3555 lubens
730 3513 812 3574 saepe
836 3492 945 3554 invisas
967 3489 1106 3568 domum,
