3359 4225
316 542 366 623 28

316 738 403 801 Cam.

315 999 385 1062 Bai.

317 1173 403 1236 Cam.

316 1258 388 1322 Bai.

318 1346 405 1410 Cam.

316 1956 398 2020 Ante.

317 2134 403 2197 Cam.

315 2219 397 2282 Ante.

317 2395 403 2457 Cam.

315 2481 398 2544 Ame.

317 2569 402 2632 Cam.

315 2741 398 2804 Arne.

317 2830 404 2892 Cam.

314 2916 396 2980 Ante.

317 3091 403 3154 Cam.

315 3177 398 3240 Ame.

318 3266 404 3329 Cam.

692 545 1042 623 HYMENAEUS
1157 556 1256 639 [Aca.
1273 575 1305 639 2,
1323 556 1372 621 Sc
1388 563 1425 637 4⁸

441 737 528 802 Bene
550 752 606 820 est,
628 738 667 801 ad
689 761 740 800 me
762 738 824 817 itis,
847 760 957 801 eccum
981 753 1121 821 paternas
1143 738 1254 819 literas,

444 846 520 907 quas
542 825 618 887 mihi
640 826 722 907 apud
744 825 847 888 forum
870 827 963 888 modo
985 825 1069 887 dedit
1092 824 1254 888 Fabritius

446 910 497 975 En
520 914 595 975 item
618 913 682 974 eius
705 911 845 975 domum.

866 1015 948 1062 recte
971 1000 1161 1063 conveniunt
1182 1000 1297 1063 omnia.

446 1108 502 1150 nos
523 1086 560 1149 ad
583 1109 695 1150 navem
719 1087 863 1168 redimus,
886 1085 943 1148 nisi
966 1087 1041 1169 quid
1063 1109 1119 1150 nos
1140 1087 1224 1150 velis.
1391 1115 1425 1151 σο

446 1172 550 1257 Nihil,
573 1173 651 1237 bene
672 1173 781 1237 valete.

803 1260 846 1325 Et
867 1275 913 1323 tu.

446 1346 547 1412 Nunc
563 1348 714 1432 Congruo
728 1364 821 1432 atque
836 1347 944 1410 Storax
959 1348 1050 1428 exite,
1066 1362 1097 1411 et
1118 1349 1178 1411 hoc
1193 1349 1277 1411 intus
1292 1361 1424 1431 portate.

446 1434 554 1519 Atque
577 1436 669 1498 nimis
691 1452 793 1498 arctus
815 1451 861 1498 est
883 1436 951 1520 ostij
976 1436 1131 1516 introitus,

446 1537 477 1584 et
500 1544 558 1605 ego
579 1522 693 1585 diutius
717 1524 767 1584 hic
790 1523 975 1584 commorari
998 1543 1129 1605 nequeo,
1392 1551 1424 1599 24

445 1611 560 1691 aperite
574 1610 693 1690 cistam,
709 1624 740 1671 et
756 1631 872 1672 merces
888 1610 969 1671 intro
984 1610 1111 1690 auferte,
1141 1608 1297 1694 [Amerina
1313 1609 1422 1672 intrat.

446 1696 497 1758 hic
519 1697 627 1758 cistam
650 1696 688 1758 ad
711 1696 835 1759 ianuam
859 1696 1009 1778 paulisper
1032 1695 1206 1779 relinquite,

446 1783 499 1845 sed
521 1799 688 1865 properate.
734 1784 919 1846 Amerinam
942 1805 1051 1846 eccum
1074 1783 1173 1864 video,

446 1892 519 1933 cum
542 1869 593 1932 illa
615 1885 755 1933 nostrum
777 1870 1017 1933 communicabo
1039 1870 1211 1933 consilium.
1236 1871 1424 1954 [hominem,

444 1956 500 2042 Dij
529 1957 727 2037 immortales,
750 1957 928 2039 lepidiorem
956 1955 1148 2043 Pantomago
1174 1979 1336 2040 nunquam
1363 1958 1425 2021 vidi

446 2046 532 2128 cupit
553 2066 616 2109 esse
639 2045 795 2124 ridiculuS,
818 2059 850 2106 et
873 2045 951 2106 bene
974 2044 1120 2126 procedit.
1392 2073 1426 2124 30

445 2130 493 2195 Vt
515 2147 621 2197 tecum
643 2149 699 2214 est,
722 2131 897 2195 Amerina?
926 2148 960 2195 vt
982 2147 1087 2194 nostra
1108 2131 1189 2195 valet
1211 2130 1318 2215 Julia?

443 2219 577 2284 Mecum
599 2236 633 2283 vt
655 2219 749 2301 uides,
772 2241 845 2282 cum
868 2217 954 2301 Julia
975 2240 1048 2281 vero
1070 2217 1161 2300 male,

445 2323 603 2389 propterea
624 2306 707 2390 quod
730 2305 772 2368 illi
796 2305 965 2368 carendum
987 2321 1032 2367 est
1054 2304 1213 2388 Erophilo.

444 2394 543 2477 Atqui
567 2416 636 2456 eam
658 2391 765 2473 solare,
788 2392 837 2454 dic
860 2414 923 2455 esse
945 2392 1077 2456 visuram
1101 2393 1194 2455 brevi.

442 2481 489 2544 At
510 2480 635 2563 quando
657 2477 805 2543 obsecro?

841 2566 988 2629 rimarum
1011 2565 1115 2648 plenas

447 2653 589 2718 mulieres
611 2676 673 2718 esse
695 2655 812 2718 dicunt.

832 2741 884 2805 sed
907 2740 982 2804 falso
1003 2756 1120 2804 tamen.

445 2828 545 2912 Atqui
567 2829 639 2891 viris
661 2829 841 2909 rimosiores,
864 2849 928 2890 non
951 2828 1077 2912 negabis
1098 2827 1199 2891 credo.

442 2915 541 2980 Mitte
563 2916 666 2996 iocari,
689 2931 720 2977 et
742 2937 831 2978 narra
852 2916 988 2996 obsecro,
1010 2914 1094 2998 quod
1117 2935 1201 2998 rogo,

445 3003 570 3086 quando
592 3000 776 3083 Erophilum
798 3002 898 3065 visura
918 3002 959 3065 sit
980 3002 1074 3086 Julia.

444 3090 515 3153 Hac
537 3105 639 3152 nocte.

668 3191 701 3240 at
722 3174 903 3260 quomodo?
1391 3207 1425 3253 40

446 3263 707 3329 Percontatricem
731 3265 840 3347 fugito,
863 3263 915 3328 sed
938 3263 1039 3327 dicam
1062 3278 1180 3345 tamen,

447 3365 623 3435 personatus
645 3351 814 3435 ingreditur
836 3373 909 3414 cum
933 3351 980 3435 ijs,
1003 3350 1056 3433 qui
1080 3350 1199 3413 ducunt
1222 3351 1357 3432 choreas,

445 3441 563 3523 eritque
585 3440 743 3522 choragus.
789 3437 874 3522 Ergo
895 3459 990 3520 quem
1012 3437 1148 3520 primum
1171 3437 1290 3518 viderit,

447 3547 583 3606 moneas,
605 3539 639 3588 vt
662 3524 705 3587 illi
728 3547 791 3589 sese
812 3524 960 3610 adiungat
981 3524 1141 3606 comitem,
