3359 4225
287 514 487 599 Acr.*5,sc„
503 517 552 603 3⁸]
668 507 1017 587 HYMENAEUS
1343 530 1397 613 57

289 787 356 854 Fer.

421 704 505 768 dabit
527 705 578 768 hic
599 704 692 768 credo
713 704 768 768 tibi
792 703 921 785 malum,
942 704 966 767 si
989 704 1086 767 adeas.

419 790 509 864 Quin
532 813 604 855 ecce
625 812 699 855 cum
721 790 781 854 alio
804 789 1033 874 colloquentem
1054 791 1154 870 video,
1365 816 1394 867 1⁵

419 878 493 941 huic
515 877 592 941 nihil
614 893 716 959 nocet,
738 878 791 961 qui
815 878 939 941 nocebit
962 876 1064 941 mihi?

241 969 251 981 “
288 960 402 1027 Panto.
418 964 476 1028 Tu
498 963 578 1028 solus
599 965 659 1047 adi,
681 987 739 1049 ego
760 964 884 1048 longe
876 986 1045 1047 inspexero,

288 1134 355 1199 Fer.

288 1219 376 1305 Alpb.

288 1307 356 1373 Fer.

265 1442 271 1452 .
288 1394 359 1461 Ero.

286 1569 355 1635 Fer.

419 1051 442 1113 si
465 1053 551 1116 vobis
572 1054 651 1117 bene
672 1053 740 1133 erit,
755 1074 820 1153 'ego
841 1052 1016 1135 subsequar.

416 1138 576 1203 Adeamus
597 1139 655 1224 dijs
676 1139 824 1224 propitijs‚
847 1137 1062 1222 Alphonse‚
1039 1160 1063 1201 sr
1086 1137 1197 1221 placet.

419 1224 611 1290 comitabor
558 1312 749 1395 Salutem,
719 1335 766 1375 vrr
780 1334 913 1393 summe,
929 1312 983 1375 tibi
1000 1311 1189 1395 plurimam
1181 1311 1334 1394 impertio.
1361 1337 1393 1376 oo

419 1398 453 1464 Ο
477 1398 682 1483 multiplicem
705 1400 869 1481 miseriam,
890 1422 930 1462 an
955 1421 1013 1483 ego
1032 1398 1264 1463 Ferdinandum
1284 1396 1394 1462 video?

418 1501 449 1549 et
471 1487 543 1549 vitae
566 1487 661 1550 taedet
684 1501 714 1550 et
736 1501 919 1568 conspectus
940 1487 1005 1550 eius
1026 1486 1131 1569 pudet.

416 1571 573 1656 Erophile,
596 1596 636 1638 ne
657 1573 780 1656 pudeat,
802 1594 861 1656 ego
883 1588 914 1635 te
936 1574 1042 1636 vivum
1063 1573 1166 1637 videre
1187 1573 1316 1657 gaudeo,

419 1676 578 1724 mortuum
597 1675 628 1723 te
646 1660 843 1740 credidimus,
858 1682 895 1723 eo
910 1660 1003 1723 funus
1018 1662 1079 1724 huc
1094 1675 1185 1723 tuum
1204 1658 1393 1759 celebratum

418 1834 471 1896 sed
492 1833 715 1917 quidnam'hie
739 1855 826 1897 meus
848 1834 1004 1897 commisit
1028 1833 1121 1896 modo
1142 1746 1393 1910 filiuslvemmllsi

363 1966 371 1982 .
417 1920 544 1983 Audies.
591 1921 672 1984 fures
693 1935 785 1983 nocte
808 1920 883 1984 dum
905 1942 1012 2004 quaero
1035 1921 1184 2003 proxima,

420 2008 451 2069 in
474 2029 581 2070 eorum
604 2006 741 2071 conclavi
765 2008 859 2070 istum
881 2007 1146 2090 deprehendimus.

420 2095 474 2181 Hij
498 2094 634 2159 occisum
657 2117 708 2159 eos
730 2092 818 2157 illum
841 2095 957 2158 venisse
977 2109 1122 2179 arguunt,

416 2198 449 2246 et
470 2205 541 2266 quae
565 2198 634 2245 tum
657 2182 811 2245 habebant
832 2196 1007 2264 surreptum
1029 2183 1120 2244 bona.

417 2269 474 2333 Ille
496 2291 552 2352 pro
573 2291 604 2333 se
627 2291 747 2352 prorsus
769 2267 931 2351 respondet
952 2267 1040 2349 nihil,

417 2371 451 2419 vt
474 2358 505 2418 ni
528 2357 583 2420 sibi
607 2358 701 2439 probe
723 2370 874 2438 cauteque
896 2370 1011 2436 caveat,

417 2466 491 2507 eum
513 2444 594 2506 intra
616 2443 754 2506 triduum
776 2442 883 2525 capitis
904 2464 997 2524 poena
1019 2457 1152 2505 maneat.

347 2578 355 2594 .
416 2530 502 2604 Quid
526 2529 586 2593 hoc
608 2544 663 2609 est,
687 2528 844 2612 Erophile,
867 2529 951 2612 quod
973 2529 1011 2592 de
1032 2544 1064 2593 te
1085 2525 1200 2592 audio?

417 2617 491 2702 quid
514 2633 550 2680 tu
572 2617 604 2679 in
626 2615 732 2680 alienis
752 2617 920 2699 quaerebas‚
941 2616 1077 2698 demens,
1101 2612 1240 2678 aedibus?

417 2726 457 2768 an
480 2705 575 2767 itate
597 2703 689 2767 habui
712 2725 801 2786 parce
824 2719 855 2766 et
877 2703 1004 2784 duriter,
1357 2730 1388 2781 35

416 2806 450 2855 vt
472 2791 527 2854 tibi
551 2788 657 2854 alienis
678 2811 755 2872 opus
777 2805 854 2854 esset
876 2788 986 2852 bonis?

1009 2897 1084 2940 non.

345 3013 354 3030 .
415 2963 503 3038 Quid
525 2965 684 3048 quaerebas
705 2961 802 3047 ergo?

821 3048 921 3113 Nihil.

345 3187 353 3204 .
415 3138 496 3212 Quis
517 3154 549 3202 te
571 3139 603 3200 in
627 3139 697 3201 istas
719 3137 885 3199 intromisit
908 3134 1011 3199 aedes?

1025 3223 1142 3286 Nemo.

345 3361 353 3378 .
415 3311 508 3376 Vnde
530 3312 639 3376 venisti
662 3332 735 3374 cum
757 3311 796 3375 ad
818 3333 868 3374 eas
890 3307 1071 3374 accederes?

1066 3395 1191 3460 Nescio.

343 3449 356 3552 ,ο
412 3486 480 3554 Cur
500 3487 544 3550 sic
567 3485 728 3569 respondes
750 3481 852 3547 mihil
