3359 4225
284 514 368 580 Aer.
385 532 417 599 5,
435 515 483 627 Sc
500 514 548 600 2⁸]
664 506 1013 587 HYMENAEUS

286 698 375 784 Alph.
418 700 530 765 Vidisti
553 700 611 764 hac
633 715 726 764 nocte
749 702 781 764 in
804 702 887 765 hisce
909 701 1025 766 aedibus
1047 700 1256 786 Erophilum?

418 788 492 872 quid
514 786 688 873 lachrymas
709 786 835 851 fundis?

285 870 356 961 Jul.
666 890 669 899 ·
848 875 920 956 vidi,
944 877 986 938 mi
1010 892 1105 960 pater.

285 959 374 1044 Alph.
416 962 488 1045 Jam
511 960 581 1025 illoc
604 961 696 1025 verbo
717 962 794 1025 mihi
818 962 948 1046 disrupit
969 963 1093 1028 viscera.

418 1063 448 1111 et
472 1050 504 1111 in
527 1070 596 1111 mea
618 1048 712 1112 domo
733 1063 875 1113 mortuus
896 1064 942 1113 est
963 1049 1063 1114 adeo?

287 1132 356 1221 Jul.
417 1135 539 1199 Fateor.

286 1219 375 1305 Alp.
555 1220 646 1287 Eheu
668 1244 731 1305 quo
752 1221 893 1286 redactus
913 1245 983 1286 sum
1005 1224 1105 1287 miser.

417 1331 438 1372 o
459 1309 569 1372 domus
590 1308 748 1392 quondam
770 1311 887 1392 probris
909 1333 1015 1391 vacua,

418 1418 503 1459 nunc
525 1394 647 1459 sceleris
669 1393 759 1478 plena
781 1397 813 1458 in
837 1418 888 1460 me
911 1397 1038 1460 tandem
1062 1419 1125 1460 rue.

417 1482 469 1546 sed
492 1498 525 1545 vt
547 1497 688 1545 mortuus
709 1498 764 1564 est,
786 1481 857 1545 volo
879 1506 1072 1570 cognoscere.

346 1617 354 1633 .
414 1568 502 1643 Quid
523 1591 580 1655 ego
603 1584 688 1651 pater
709 1568 817 1656 longos
837 1593 957 1634 amores
979 1572 1156 1652 praedicem‚

416 1656 528 1740 quibus
549 1677 601 1718 me
622 1653 718 1718 solam
741 1657 827 1719 vivus
849 1656 1008 1721 coluerat?
1360 1689 1391 1736 50

419 1744 461 1806 ita
483 1765 535 1806 me
555 1743 680 1823 amavit,
703 1756 737 1805 vt
758 1742 983 1807 adolescentem
1006 1744 1137 1827 probum
1159 1745 1273 1826 decuit,

417 1845 448 1893 et
471 1851 529 1913 ego
551 1828 639 1892 illum
662 1846 778 1911 contra,
801 1844 835 1893 vt
857 1846 996 1914 parerat
1019 1833 1180 1915 virginem.

418 1916 492 1999 quid
515 1914 636 1979 multa?
672 1916 809 1979 futuram
833 1939 960 1980 vxorem
983 1939 1085 1981 meam
1107 1919 1241 2001 astringo
1264 1915 1367 1982 fidem.

418 2002 476 2066 llle
498 2003 536 2065 ad
559 2025 616 2065 me
631 2017 723 2065 nocte
747 2004 804 2066 hac
825 2006 950 2067 accessit
973 2006 1120 2087 proxima.

417 2113 515 2175 quum
538 2090 673 2172 primum
696 2091 842 2155 conclave
864 2115 970 2155 meum
994 2092 1173 2178 ingreditur,
1359 2120 1389 2171 55

420 2179 451 2241 in
476 2178 607 2240 fenestra
628 2200 738 2260 aquam
761 2201 834 2241 cum
858 2179 973 2242 videret
994 2202 1158 2261 rosaceum,

417 2265 500 2328 sitire
521 2286 552 2327 se
575 2264 664 2343 dixit,
687 2280 719 2327 et
741 2267 876 2348 epotavit
898 2265 989 2329 illico.

418 2367 486 2414 tum
509 2373 581 2414 vero
603 2352 683 2414 visus
703 2350 837 2415 dormire
858 2354 999 2434 suaviter,

418 2459 477 2501 nec
500 2453 566 2520 post
589 2437 619 2499 id
641 2460 777 2521 vnquam
800 2439 913 2524 vigilat.

418 2521 492 2606 Jam
514 2547 582 2610 ego,
605 2541 699 2607 pater,
722 2548 779 2611 ego
801 2548 890 2589 causa
913 2527 1003 2589 huius
1025 2527 1185 2613 infortunij
1357 2540 1390 2592 60

418 2610 539 2675 nullum
562 2633 668 2675 recuso
689 2627 743 2675 aut
766 2613 911 2694 deprecor
933 2613 1129 2696 supplicium,

418 2699 494 2781 quin
517 2697 597 2761 vltro
619 2701 710 2781 cupio
733 2722 784 2763 me
806 2701 871 2763 eius
892 2701 1000 2763 mortis
1021 2721 1127 2782 poenas
1149 2701 1291 2785 pendere.

287 2784 355 2851 Fer.
418 2786 473 2849 An
495 2786 591 2848 vitam
613 2787 728 2868 eripere
749 2809 828 2870 aqua
850 2808 970 2849 rosacea
992 2786 1116 2869 potuit?

285 2868 356 2959 Jul.
418 2873 543 2954 Nempe
564 2870 646 2935 aliud
668 2872 745 2935 nihil
768 2888 896 2936 aecastor
918 2874 1020 2938 habui.

286 2959 354 3023 Fer.
418 2957 526 3022 Nimis
547 2958 723 3022 mirandum
745 2983 858 3040 narras,
880 2975 912 3022 et
933 2962 1020 3023 omni
1043 2963 1141 3026 maius
1163 2961 1233 3026 fide.
1358 2974 1390 3039 65

285 3043 357 3135 Jul.
420 3045 509 3119 Quin
532 3067 604 3129 ergo
626 3068 644 3108 a
666 3068 717 3109 me
738 3047 922 3130 supplicium
945 3049 1071 3130 poscito.

417 3153 539 3196 summe
561 3154 618 3216 ego
640 3134 759 3214 misera,
782 3148 847 3196 tam
869 3133 926 3195 diri
949 3156 1039 3198 causa
1060 3134 1143 3199 mali.

287 3218 377 3303 Alph.
419 3217 546 3283 Summe
569 3241 627 3303 ego
648 3221 794 3302 miserior,
815 3221 869 3304 qui
892 3219 986 3283 talem
1008 3220 1103 3285 filiam
1125 3223 1229 3307 genui.

286 3306 356 3371 Fer.
420 3305 479 3371 Sed
496 3327 617 3369 summe
635 3329 692 3392 ego
712 3309 909 3389 miserrimus,
927 3309 980 3390 qui
998 3307 1098 3371 filium
1117 3310 1243 3371 vnicum
1264 3308 1390 3390 perdidi.

286 3391 376 3476 Alph.
417 3392 433 3457 Ι
456 3393 539 3456 intro
560 3392 684 3456 familiae
707 3392 788 3456 labes
809 3416 845 3456 ac
867 3394 998 3457 dedecus
1021 3411 1093 3458 tuae.
1359 3422 1391 3475 70

287 3478 355 3544 Fer.
419 3478 509 3553 Quin
531 3494 573 3561 te,
596 3479 767 3563 Alphonse,
789 3482 916 3544 obsecro
937 3483 1002 3544 eius
1025 3504 1147 3545 causam
1169 3483 1253 3546 necis
