3359 4225
288 523 548 613 nausea]
704 516 1055 596 HYMENAEus
1339 538 1388 615 41

288 707 400 772 Panto.
417 709 606 795 Vbicunque
627 711 764 792 tandem,
786 710 882 794 Julia,
904 726 1055 773 terrarum
1077 712 1193 791 vixero,

420 799 532 861 amoris
554 800 586 860 in
610 799 719 862 herum
743 800 788 861 tui
810 814 843 861 et
865 795 1088 861 munificentiae
1111 797 1292 861 meminero.
1363 822 1396 873 ⁷0

288 879 370 946 Ame.
415 883 474 948 Sed
496 906 701 968 properemus,
724 885 807 966 hera,
830 907 918 947 mora
939 886 1033 947 trahit
1055 883 1237 967 periculum.

288 966 358 1057 Jul.
418 970 564 1053 Erophile
586 973 669 1036 cordi
692 972 850 1056 quondam
873 973 1049 1035 charissime
1071 993 1154 1051 meo,
1249 996 1252 1001 ·

419 1060 506 1121 cuius
528 1061 625 1122 amori
648 1059 750 1122 nullus
772 1059 915 1123 succedet
938 1081 1035 1139 amor,

419 1145 569 1228 paulisper
589 1146 666 1228 vale,
689 1169 746 1234 ego
769 1162 799 1209 te
822 1146 905 1209 brevi
927 1167 1046 1229 sequar,

417 1231 469 1295 sed
492 1234 524 1296 in
547 1232 676 1317 longum
698 1233 777 1313 vale,
800 1254 888 1296 mora
909 1234 1007 1297 brevis
1028 1232 1120 1318 longa
1142 1232 1231 1314 mihi,
1361 1258 1392 1310 ⁷5

419 1319 483 1381 imo
506 1334 660 1383 aeternum
682 1319 759 1399 vale,
782 1341 943 1404 nunquam
966 1335 998 1383 te
1021 1342 1121 1383 rursus
1142 1318 1255 1382 videro.

288 1403 404 1470 Panto.
421 1405 454 1471 Ο
479 1406 644 1470 infaelicem
666 1408 740 1470 casti
762 1409 875 1470 amoris
895 1402 1037 1470 exitum!

416 1493 530 1557 siccine
554 1495 707 1557 munerari
729 1509 827 1557 castos
849 1516 967 1557 amores
988 1493 1099 1557 decet?

417 1581 492 1663 quid
514 1603 565 1643 me
588 1582 649 1644 iam
672 1604 725 1663 par
747 1596 792 1644 est
814 1582 1009 1663 potissimum
1032 1578 1154 1644 facere?

418 1667 481 1730 Hic
503 1668 526 1731 si
549 1667 768 1751 deprehendar,
791 1668 885 1731 caedis
907 1689 974 1731 reus
997 1689 1115 1752 arguar,

418 1775 476 1817 nec
498 1755 562 1817 scio
583 1770 688 1819 tamen
711 1776 774 1838 quo
797 1756 888 1817 herus
910 1755 1004 1819 modo
1026 1755 1158 1837 perierit.

416 1839 489 1923 Jam
512 1863 570 1924 ego
591 1863 642 1904 me
665 1843 828 1905 confestim
850 1843 1008 1905 conferam
1032 1842 1189 1923 Venetias,

416 1927 455 1990 ad
477 1927 709 1992 Ferdinandum
731 1950 836 1991 senem
860 1929 924 1992 heri
948 1947 1066 2011 patrem
1088 1930 1160 1991 mei.

417 2013 459 2076 illi
484 2016 543 2077 hoc
564 2016 649 2077 triste
672 2016 839 2098 apportabo
862 2017 1019 2097 nuntium,

417 2102 483 2165 eius
505 2119 664 2165 mortuum
687 2125 750 2166 esse
772 2100 873 2166 lilium
896 2101 1090 2186 Erophilum.
1360 2116 1391 2178 85

416 2189 462 2251 At
485 2211 549 2272 quo
570 2189 665 2252 modo
686 2213 749 2274 quo
771 2212 843 2254 casu
866 2189 944 2253 nihil
967 2191 1078 2253 referre
1101 2203 1217 2272 potero.

417 2274 475 2340 Sed
497 2277 565 2359 quis
589 2277 639 2340 hic
661 2298 755 2341 sonus
776 2293 821 2341 est
844 2298 938 2360 quem
960 2278 1052 2340 audio

416 2362 475 2426 hoc
498 2363 620 2426 noctis?
657 2386 721 2428 non
744 2364 853 2447 placet,
876 2364 994 2450 gaudeo
1017 2365 1168 2449 introijsse
1190 2362 1317 2447 Juliam.

417 2471 475 2535 ego
498 2449 583 2535 fugio
605 2450 643 2514 ad
666 2468 790 2533 portum
814 2453 871 2515 hac
895 2453 1046 2534 proxime,

416 2536 467 2599 vbi
488 2536 625 2620 aliquem
648 2539 795 2601 invenero
816 2540 869 2622 qui
893 2538 1042 2601 Venetias
1064 2537 1197 2624 naviget.
1360 2564 1394 2616 90

578 2760 748 2832 ACTUS
774 2788 809 2852 4.
865 2762 1031 2834 SCENA
1059 2783 1093 2834 2.

567 2924 724 3007 Bargulus.
772 2927 952 3009 Clopetarus.
999 2927 1109 3008 Caupo.

418 3051 566 3136 Nunquis
587 3053 638 3116 hic
660 3053 731 3116 est?

741 3162 835 3204 nemo
859 3156 914 3204 est.

938 3229 1073 3311 nunquis
1094 3249 1151 3290 nos
1172 3227 1334 3310 sequitur?

416 3311 525 3376 Nemo
547 3315 643 3378 homo
664 3315 811 3397 sequitur.

714 3401 851 3483 pulchre,
867 3400 1043 3483 Clopetare,
1058 3401 1203 3464 successit
1218 3402 1390 3485 negotium.

416 3484 474 3551 Sed
493 3508 553 3551 >nos
575 3488 642 3551 haec
664 3490 724 3553 isto
745 3504 865 3571 portare
888 3488 982 3551 modo
1004 3487 1238 3551 incommodum
1260 3501 1316 3570 est,
