3359 4225
331 485 380 592 58
708 488 1058 568 HYMENAEus
1173 499 1271 583 [Aer.
1291 497 1438 585 μη·

328 681 399 746 Ero.
923 684 1027 768 Cupio
1049 686 1138 749 mori.
1403 716 1437 765 40

327 769 410 834 Dau.
456 770 546 845 Quin
569 773 628 835 hoc
651 772 745 836 modo
766 773 855 835 nobis
876 793 997 853 semper
1018 773 1209 856 responsitat,

457 859 510 941 qui
533 860 556 922 si
579 861 622 922 ita
642 881 674 923 se
696 859 794 942 pergit
816 858 990 941 defendere,

458 968 532 1009 eum
556 946 638 1010 brevi
662 962 767 1010 manet
788 945 983 1028 supplicium.

458 1054 532 1095 nam
555 1055 732 1117 quanquam
755 1055 806 1095 me
829 1034 939 1096 mitem
961 1048 993 1096 et
1015 1032 1201 1097 clementem
1224 1056 1288 1097 esse
1309 1034 1414 1116 cupio,

458 1119 489 1181 id
504 1136 609 1183 tamen
626 1135 749 1183 tantum
765 1142 898 1202 possum,
913 1120 997 1203 quod
1011 1142 1102 1203 aequo
1118 1122 1182 1184 iure
1197 1142 1331 1203 possum.
1401 1148 1434 1198 45

389 1251 396 1268 .
457 1205 491 1271 Ο
514 1229 566 1270 me
588 1208 633 1269 bis
655 1204 823 1271 miserum!
855 1222 1014 1270 mortuum
1037 1207 1151 1269 credidi
1173 1206 1273 1271 filium

458 1308 490 1355 et
512 1295 673 1358 revixisse:
705 1296 817 1356 iterum
840 1296 902 1357 iam
925 1315 996 1357 ecce
1019 1310 1159 1357 mortuus
1181 1309 1237 1376 est,

457 1395 511 1444 aut
535 1383 626 1444 morti
649 1382 807 1463 proximus
827 1403 951 1444 summo
973 1403 1047 1444 cum
1069 1380 1226 1445 dedecore.

410 1512 419 1529 .
457 1467 610 1551 Equidem
632 1489 691 1551 ego
713 1490 777 1530 non
799 1468 943 1549 admiror,
965 1468 1017 1531 sed
1038 1483 1157 1551 stupeo,

459 1555 501 1617 ita
522 1576 625 1618 sensus
647 1576 755 1617 omnes
776 1555 994 1636 perturbantur
1015 1556 1103 1619 mihi.

457 1639 628 1723 Alphonse,
651 1640 702 1723 pol
725 1643 801 1704 mihi
825 1643 970 1725 insignite
992 1640 1027 1704 fit
1050 1643 1171 1705 iniuria.

457 1750 580 1811 aquam,
603 1751 697 1811 quam
719 1750 818 1811 nuper
839 1729 1001 1791 Amerinae
1024 1729 1203 1792 servandam
1226 1727 1306 1810 dedi,

458 1837 526 1878 earn
549 1813 677 1878 effirsam
700 1816 774 1878 dicit
795 1815 877 1878 salva
899 1817 1023 1878 interim
1046 1815 1155 1897 phiala.

459 1904 510 1964 vix
532 1904 686 1966 coronatis
707 1902 814 1965 decem
836 1924 915 1982 eam,
940 1901 1108 1984 Alphonse,
1130 1903 1300 1984 composui.

410 2036 417 2052 .
461 1988 569 2062 Quam
591 2005 627 2052 tu
649 1991 726 2051 mihi
750 2011 862 2067 narras,
886 1988 1085 2073 Pantomage,
1108 1988 1242 2072 aquam?
1405 2018 1434 2069 55

458 2076 585 2160 Aquam
607 2098 702 2160 quam
723 2074 899 2158 afferebam,
922 2099 995 2140 cum
1017 2090 1049 2140 te
1070 2077 1162 2140 secari
1185 2073 1263 2141 velle
1285 2076 1413 2160 dixeras,

458 2187 571 2248 aquam
593 2166 739 2247 opiatam‚
762 2165 970 2247 soporiferam,
993 2186 1064 2247 quae
1088 2179 1130 2244 te,
1153 2164 1228 2226 dum
1250 2185 1395 2246 secarere,

459 2253 491 2313 in
513 2273 658 2314 somnum
682 2252 858 2336 conijceret.

459 2360 528 2402 eam
550 2360 580 2402 se
603 2338 678 2401 dicit
700 2339 864 2419 reposuisse
886 2339 918 2400 in
941 2335 1079 2400 conclavi
1101 2335 1207 2420 juliae,

460 2440 563 2508 postea
585 2447 658 2488 cum
680 2425 787 2505 sitiret,
809 2447 840 2488 se
863 2439 1007 2508 epotasse.
1052 2421 1151 2487 Ludit
1173 2446 1224 2489 me
1244 2423 1366 2488 stolida.
1401 2438 1434 2491 60

459 2534 533 2574 nam
555 2513 578 2575 si
601 2533 669 2574 eam
693 2512 813 2575 bibisset
835 2512 884 2593 (vt
905 2533 936 2575 se
960 2512 1067 2575 bibisse
1089 2511 1249 2595 praedicat)

459 2621 528 2663 eam
551 2621 671 2662 necesse
692 2613 768 2661 esset
789 2620 913 2662 sensum
935 2598 1092 2681 vitamque
1114 2598 1247 2680 perdere.

330 2685 418 2769 Alph.
462 2685 612 2765 Obsecro,
637 2683 836 2770 Pantomage,
860 2687 1044 2748 Amerinam
1075 2686 1137 2748 huc
1167 2685 1246 2749 foras
1275 2707 1381 2768 evoca,
1403 2690 1433 2750 'et

329 2772 442 2836 Ponto.
467 2772 551 2835 Here
573 2788 603 2835 et
626 2773 796 2855 Alphonse,
820 2773 895 2855 quid
918 2795 976 2857 ego
997 2771 1113 2835 audio?
1286 2772 1433 2856 [Juliam.

328 2859 396 2924 Fer.
457 2858 630 2940 Quidnam,
653 2857 824 2922 Pantaleoi

330 2946 445 3010 Ponto.
830 2945 942 3009 Inveni
964 2968 1061 3029 spero,
1401 2960 1433 3026 ⁶5

459 3035 512 3118 qui
535 3050 566 3097 te
588 3032 702 3113 dolore,
725 3048 756 3096 et
779 3049 810 3097 te
832 3033 980 3098 dedecore
1002 3032 1139 3098 liberem.

329 3121 433 3205 Alph:
461 3121 528 3195 Qui
550 3118 699 3184 obsecro?

328 3208 440 3273 Panto.
713 3207 816 3270 inveni
840 3206 1006 3290 Erophilus
1026 3230 1089 3292 quo
1111 3222 1252 3272 mortuus
1270 3208 1310 3271 sit
1330 3207 1434 3275 modo.

329 3295 397 3359 Fer.
466 3294 542 3368 Quo
564 3293 713 3357 tandem?

328 3381 441 3447 Panto.
703 3381 842 3464 Aquam,
851 3404 921 3465 quae
933 3403 1079 3445 somnum
1094 3383 1187 3445 morti
1201 3381 1334 3445 similem
1351 3385 1436 3467 facit,

459 3468 619 3532 Amerinae
642 3468 854 3532 asservandam
875 3490 906 3531 se
928 3469 1043 3532 dedisse
1065 3467 1138 3531 dicit
1160 3468 1309 3534 medicus.
