3359 4225
700 494 1050 572 HYMENAEUS
1166 504 1263 588 [Aer.
1283 523 1311 585 1,
1327 503 1375 568 Sc.
1392 509 1427 567 2·

451 710 529 752 num
552 689 608 752 tibi
631 703 753 773 gratum
777 687 902 752 fecero?

907 776 984 838 mihi
1006 774 1223 861 gratissimum,
1393 802 1425 850 50

451 861 504 925 sed
526 864 628 925 omnis
651 863 775 925 interim
799 862 917 947 ingrata
939 884 1035 926 mora.

382 997 390 1013 .
451 950 498 1011 At
520 949 727 1013 festinandum
751 948 844 1012 lente.

838 1035 928 1109 Quin
950 1058 1037 1098 mora
1059 1037 1111 1098 dat
1133 1034 1315 1118 periculum.

382 1170 390 1187 .
450 1122 520 1187 Imo
543 1124 690 1187 festinans
712 1124 797 1186 canis
820 1145 921 1187 caecos
942 1124 1020 1205 parit
1042 1122 1170 1186 catulos.

385 1255 392 1272 .
453 1209 540 1283 Quid
564 1232 637 1294 rogo
659 1209 788 1273 suades?

783 1295 959 1360 Ferendum
983 1311 1014 1359 et
1036 1297 1230 1379 sperandum.

385 1431 393 1447 .
451 1381 600 1465 Jucundz
622 1406 689 1466 spes
710 1385 762 1447 sed
785 1384 898 1446 durum
921 1385 1009 1446 ferre.
1396 1410 1426 1461 ⁵⁵

384 1518 391 1534 .
452 1469 486 1535 O
509 1493 599 1552 erras,
623 1472 699 1533 ferre
721 1470 788 1534 leve
809 1471 861 1534 sed
885 1471 984 1533 forsan
1007 1471 1138 1553 perferre
1160 1492 1262 1556 grave.

386 1604 393 1621 .
455 1556 541 1639 Esto,
564 1557 688 1641 quando
710 1580 762 1620 me
784 1557 912 1621 consilio
933 1580 1064 1639 superas,

455 1644 515 1706 iam
538 1666 606 1708 mos
627 1660 750 1728 geratur
772 1645 839 1725 tibi,
863 1645 985 1726 parebo,
1009 1644 1105 1726 patiar

454 1730 529 1793 dum
552 1732 650 1814 potiar
672 1731 776 1812 modo,
799 1731 918 1814 quidvis
939 1730 1010 1793 volo
1032 1731 1158 1813 perpeti.
1184 1729 1304 1814 [Sannio
1319 1730 1426 1795 intrat.

385 1864 393 1881 .
453 1817 599 1900 Erophile
614 1819 669 1897 mi,
684 1839 749 1880 non
765 1834 800 1881 tu
815 1819 882 1899 scis,
897 1840 991 1901 quam
1007 1817 1091 1879 cordi
1106 1819 1216 1881 charus
1230 1818 1269 1880 sis
1283 1839 1365 1898 meo,
1394 1830 1429 1882 60

454 1926 513 1968 nec
535 1927 610 1988 quas
631 1905 708 1967 mihi
731 1921 816 1987 pater
838 1919 923 1986 parat
946 1904 1108 1985 molestias,

454 1991 529 2055 dum
552 1993 629 2054 mihi
652 2014 771 2054 amores
795 1992 950 2055 interdicit
971 2007 1050 2072 tum,

454 2079 506 2142 sed
528 2080 634 2143 feram.
679 2079 742 2143 dies
763 2078 858 2160 dabit,
880 2078 964 2162 quod
985 2077 1049 2142 dies
1070 2091 1174 2164 negat.

387 2213 395 2230 .
456 2165 490 2231 Ο
513 2167 631 2229 factum
654 2166 741 2230 bene.
787 2168 848 2229 iam
871 2183 956 2248 pater
977 2181 1048 2229 tuus
1071 2165 1122 2227 hic
1144 2165 1215 2229 faxo
1236 2165 1344 2229 aderit.

386 2300 394 2316 .
454 2253 595 2334 Interim,
619 2252 779 2336 Erophile,
801 2268 833 2316 te
855 2254 992 2316 obtestor
1013 2267 1106 2335 atque
1128 2253 1264 2334 obsecro,
1395 2266 1428 2331 65

455 2356 488 2402 vt
510 2362 562 2403 me
584 2340 762 2423 famamque
783 2362 886 2403 meam
910 2340 965 2402 tibi
988 2341 1112 2402 charam
1135 2339 1256 2402 habeas.

388 2476 397 2493 .
457 2426 608 2491 Futuram
632 2428 699 2490 iuro
721 2428 784 2490 vita
805 2427 975 2489 chariorem
999 2447 1077 2489 mea.

388 2563 395 2580 .
455 2513 528 2597 Jam
551 2536 602 2578 me
625 2529 746 2597 tempus
768 2528 813 2578 est
836 2514 972 2594 introire,
995 2511 1152 2595 Erophile,
1174 2512 1250 2577 vale.

388 2650 396 2667 .
457 2601 503 2664 At
524 2601 548 2665 si
571 2623 710 2665 maneres
731 2601 865 2664 valerem
888 2599 1027 2682 amplius.

456 2687 514 2752 Sed
537 2710 682 2771 crepuere
703 2710 722 2751 a
743 2689 828 2750 vobis
850 2687 939 2750 fores.
986 2687 1047 2749 heu
1069 2708 1162 2749 senex
1184 2686 1349 2774 egreditur,
1398 2714 1432 2766 70

456 2798 521 2838 non
544 2796 598 2857 par
620 2789 665 2838 est
687 2796 759 2838 eum
783 2775 888 2858 fugere
910 2773 964 2856 qui
987 2773 1064 2836 nihil
1087 2775 1285 2837 commiserit.

456 2861 513 2927 Tu
536 2863 618 2925 bono
640 2862 746 2924 animo
767 2862 816 2942 sis,
840 2862 917 2923 mihi
941 2859 1079 2943 relinque
1101 2874 1224 2925 caetera.

610 3035 779 3108 Acrus
812 3059 841 3107 1.
896 3033 1063 3106 semu
1089 3046 1136 3128 φ.

616 3173 784 3257 ruamus.
832 3170 938 3261 Jurra.
983 3170 1146 3254 Erophilus.

328 3297 415 3383 Alph.
459 3296 525 3361 Ubi
542 3312 614 3360 sunt
631 3295 673 3358 illi
688 3317 765 3379 quos
782 3316 877 3377 prope
892 3293 943 3354 hic
958 3292 1169 3376 colloquentes
1184 3292 1261 3356 vidit
1276 3291 1416 3357 Sannio?

457 3400 550 3468 atque
572 3405 692 3464 eccum,
708 3381 808 3446 adibo.
855 3379 973 3443 Salvere
994 3379 1173 3462 plurimum,
1189 3379 1332 3463 nunquid
1348 3381 1436 3446 vobis

458 3485 493 3535 tu
504 3493 577 3534 vero
593 3470 731 3552 inprimis
747 3469 830 3549 facis,
839 3482 873 3530 vt
882 3467 1010 3549 probam
1022 3466 1120 3548 decet,
1129 3465 1231 3552 Julia?
1254 3466 1437 3550 [molestusl
