3359 4225
281 491 368 556 Aer.
385 510 416 576 2,
432 493 480 559 sc.
499 495 546 579 φ]
662 485 1012 565 HYMENAEus
1340 515 1392 595 29

412 698 470 761 ego
491 677 529 741 ad
553 677 641 742 illum
665 679 727 742 iam
749 701 888 762 propero.
933 680 985 743 sed
1008 679 1106 765 digito
1127 679 1284 745 labellum.
1360 713 1391 764 45

414 765 471 828 scis
493 765 569 848 quid
591 765 671 830 volo.
1232 763 1239 774 ’

282 850 366 914 Amr.
696 875 867 917 memorem
891 877 1008 917 mones.

572 1022 741 1097 ACTUS
778 1046 811 1096 a.
866 1025 1033 1097 SCENA
1069 1048 1102 1121 5.

649 1162 802 1229 Amerina.
848 1162 1024 1228 Leonardus.

281 1273 364 1338 Amr.
414 1272 574 1340 Omnibus
595 1276 678 1359 quod
700 1276 787 1339 aiunt
810 1275 901 1339 laetor
922 1275 1050 1361 laetitijs,

415 1362 499 1445 quod
521 1364 685 1426 conveniet
707 1365 781 1427 hera
802 1365 860 1426 hac
883 1379 976 1426 nocte
998 1364 1195 1449 Erophilum,

415 1448 502 1512 cuius
525 1471 629 1512 amore
650 1472 713 1513 sese
736 1452 846 1513 misera
868 1466 1013 1532 macerat,

414 1558 473 1599 nec
494 1536 588 1599 audet
609 1551 714 1599 tamen
737 1537 894 1619 displicere
916 1539 1004 1619 patri.

416 1623 478 1686 iam
499 1624 675 1687 confectam
697 1625 789 1706 cupio
811 1646 945 1704 coenam,
969 1639 1002 1688 vt
1023 1625 1106 1689 herae
1129 1628 1286 1708 nuntiem,

416 1725 569 1792 quantum
592 1732 677 1773 nunc
701 1710 743 1773 illi
766 1725 925 1793 apportem
949 1713 1033 1775 boni.

342 1844 350 1860 .
416 1797 512 1879 Hem,
534 1797 696 1879 Amerina,
719 1820 826 1860 meum
849 1797 1048 1863 delicatulum
1071 1800 1244 1882 corculum,

415 1904 485 1946 mea
506 1883 636 1967 agnella,
659 1907 746 1948 meus
767 1885 964 1967 passerculus,

416 1971 466 2033 vbi
490 1970 574 2052 lates,
596 1987 630 2035 vt
652 1987 683 2034 te
705 1973 847 2054 nuspiam
870 1994 993 2055 possum
1016 1973 1215 2056 conspicere?

416 2056 603 2122 Hilariorem
625 2057 801 2123 mehercule
824 2082 948 2124 coenam
972 2081 1135 2144 nunquam
1156 2061 1229 2144 vidi,

418 2142 646 2230 Pantomagum
667 2169 776 2210 omnes
797 2147 909 2228 rident,
932 2148 974 2209 ita
997 2148 1113 2211 facetus
1133 2164 1189 2213 est.

359 2279 368 2296 .
417 2230 545 2296 Ecastor
568 2233 644 2296 mihi
667 2233 841 2317 elegantem
863 2256 967 2297 narras
987 2234 1100 2318 virum,

417 2319 468 2382 sed
491 2334 524 2381 vt
545 2341 577 2383 se
599 2320 682 2383 intus
704 2321 783 2405 gerit
805 2343 896 2384 narra
917 2321 1054 2386 obsecro.

344 2453 352 2470 .
416 2406 481 2469 Vbi
504 2407 639 2488 primum
663 2407 745 2472 aedes
767 2409 838 2471 istas
860 2408 1041 2492 ingreditur,

417 2493 617 2575 Alphonsum
639 2517 725 2558 more
746 2494 942 2577 amplectitur
963 2497 1072 2579 patrio,

418 2593 450 2642 et
472 2602 504 2644 se
525 2581 591 2644 eius
612 2581 702 2664 pedes
724 2581 802 2646 velle
824 2580 954 2644 osculari
977 2582 1104 2646 dixerat.

419 2667 597 2750 Respondet
619 2691 657 2731 ex
680 2669 816 2734 convivis
836 2667 914 2731 alter
937 2669 1095 2752 Horatius,

419 2754 603 2818 laboriosum
626 2777 688 2819 esse
711 2755 741 2818 id
764 2754 806 2817 illi
829 2756 932 2836 nimis,

418 2841 470 2904 sed
492 2863 555 2904 esse
579 2841 734 2925 quendam
758 2842 977 2906 intermedium
999 2840 1115 2925 locum,

419 2950 513 3011 quem
535 2928 664 2992 osculari
687 2944 787 3011 posset
808 2928 910 2992 multo
932 2929 1059 2993 facilius.

420 3015 484 3079 Vbi
507 3037 615 3079 omnes
636 3017 776 3079 convivae
799 3017 1012 3080 accubuissent
1033 3017 1136 3099 simul,

421 3101 601 3184 Alphonsus
621 3124 796 3186 supremam
819 3125 935 3166 mensae
959 3119 1078 3186 partem
1100 3121 1242 3186 occupat,

421 3187 630 3272 Pantomagus
651 3191 877 3272 intermediam,
901 3188 1044 3252 infimam
1065 3190 1159 3274 Julia‚

420 3298 542 3360 vnaque
563 3277 712 3341 assidebat
734 3278 827 3340 frater
848 3275 996 3342 Scaevola

420 3362 512 3426 Tum
535 3363 733 3446 Alphonsum
755 3386 858 3428 versus
878 3363 1006 3427 oculum
1029 3363 1109 3444 pileo
1131 3365 1218 3448 tegit,

422 3451 547 3513 interim
568 3451 665 3515 altero
688 3451 796 3514 furtim
819 3465 954 3534 aspectat
974 3450 1103 3534 Juliam,
