3359 4225
278 506 362 569 Aen.
383 526 410 587 1,
426 505 473 569 Sc.
494 506 539 590 1⁵]
661 492 1011 572 HYMENAEUS

280 692 348 757 Got.
411 693 496 757 Cum
518 693 563 757 sol
585 693 757 756 eonstiterit
780 692 811 754 in
834 692 921 754 iubar
942 690 1046 772 altare,

408 779 590 844 atlanticum
614 781 731 843 fervore
754 779 892 864 flagrabit
915 800 1009 841 mare.

281 865 387 930 Panto.
411 864 461 930 Sic
484 868 631 950 opinabar
652 882 743 929 certe.

281 952 345 1017 Leo.
762 951 861 1033 illum,
884 952 966 1033 here,
989 950 1084 1013 lusisti
1107 949 1225 1014 callide.

280 1039 348 1104 Fre.
409 1038 476 1103 Dat
499 1038 584 1103 beeff
599 1055 651 1103 vte
672 1040 817 1123 segghen.

280 1126 385 1191 Panto.
411 1126 498 1201 Quid
521 1127 606 1208 illud,
630 1124 790 1192 Gothrio?

282 1214 348 1278 Got.
785 1212 837 1275 dat
860 1213 970 1275 bovem
993 1212 1177 1295 saginatum.

281 1300 386 1364 Panto.
411 1298 498 1365 eui?

282 1387 349 1451 Got.
513 1388 567 1452 tibi
590 1403 624 1451 vt
646 1388 754 1470 opinor
775 1408 836 1448 vna
858 1408 931 1449 eum
954 1386 1107 1449 cornibus.

280 1473 387 1537 Panto.
413 1472 527 1539 Itane?

278 1559 344 1624 Leo.
541 1577 572 1625 te
594 1562 680 1623 seker
701 1575 774 1624 wat.

280 1647 348 1712 Got.
785 1663 816 1709 te
838 1669 960 1710 caeeum
984 1647 1139 1729 praedicat.

279 1734 387 1799 Panto.
413 1732 571 1798 Mentitur
593 1735 650 1820 dijs
671 1735 776 1821 gratia.

279 1821 347 1909 Fre.
448 1893 451 1899 Δ
793 1843 837 1884 nu
860 1821 949 1883 hoort
971 1843 1010 1883 en
1034 1836 1142 1883 woort.

280 1907 347 1973 Got.
411 1908 500 1973 Nihil
522 1909 627 1971 damni
651 1909 683 1970 in
706 1908 839 1971 cervisia.

279 1994 385 2060 Panto.
861 1993 912 2077 pol
934 1994 1034 2056 cred0.

279 2081 344 2147 Leo.
410 2082 456 2146 At
478 2103 519 2145 ne
541 2081 641 2163 erede,
665 2079 864 2166 Pantomage,
888 2081 938 2165 pol
960 2081 1110 2144 mentitur
1131 2095 1165 2144 vt
1187 2080 1334 2145 medicus.

280 2168 386 2235 Panto.
411 2169 510 2251 Itane,
533 2170 635 2250 barde,
657 2191 708 2232 me
731 2169 863 2232 derisum
886 2168 1030 2231 advenis?

279 2254 345 2321 Leo.
409 2258 529 2320 Annon
552 2256 624 2319 licet
645 2258 771 2320 obsecro
792 2256 835 2318 vti
859 2254 1043 2338 proverbio?
1352 2281 1384 2334 70

280 2342 386 2409 Panto.
410 2341 597 2407 Proverbi0?
626 2358 658 2406 at
680 2364 735 2425 pro
757 2344 817 2405 hoc
839 2342 932 2406 verbo
953 2341 1108 2425 vapulabis
1131 2342 1269 2424 pessime.

280 2430 348 2495 Fre.
412 2430 457 2493 At
479 2431 597 2494 abstine
618 2452 758 2510 manum,
781 2430 911 2510 medice,
933 2430 956 2492 si
979 2430 1085 2512 sapias,

410 2532 442 2580 et
452 2538 527 2580 cura
538 2517 680 2600 teipsum,
690 2539 747 2603 ego
758 2538 880 2580 servum
893 2516 1055 2579 defendam
1067 2531 1102 2579 ut
1112 2517 1274 2579 dominum
1284 2515 1382 2596 decet.

281 2604 348 2670 Got.
411 2602 502 2668 Voea
524 2603 611 2667 illum
635 2605 776 2691 fungum.

280 2690 386 2756 Panto.
797 2691 872 2774 quid
894 2690 946 2771 ais,
969 2688 1087 2774 funge?

282 2778 349 2843 Got.
412 2776 455 2841 Et
478 2778 633 2841 bibonem.

281 2865 387 2930 Panto.
648 2879 680 2927 et
702 2863 857 2927 bibonem.

283 2952 350 3017 Got.
873 2949 970 3014 Casus
993 2971 1048 3032 pro
1069 2972 1150 3013 casu.
1353 2976 1383 3030 ⁷⁵

282 3038 389 3103 Panto.
413 3037 501 3112 Quid
523 3053 592 3102 tum
615 3036 740 3120 postea?

284 3125 351 3190 Got.
413 3124 456 3189 Et
477 3147 619 3208 spumam
641 3124 715 3188 vini.

283 3212 389 3276 Panto.
731 3226 762 3274 et
784 3212 958 3295 s[p]umam
980 3211 1054 3274 vini.

282 3298 351 3364 Fre.
414 3299 502 3374 Quid
525 3297 650 3362 dixisti?
681 3298 756 3362 itera
778 3299 854 3361 dum
877 3298 983 3383 eadem
1007 3299 1063 3361 ista
1085 3297 1171 3360 mihi.
1271 3297 1382 3382 [decet.

284 3385 351 3451 Got.
415 3385 524 3468 Mane,
548 3385 574 3449 F
577 3386 718 3466 rederice,
745 3407 802 3468 ego
828 3385 992 3447 dominum
1019 3384 1181 3447 defendam
1207 3399 1241 3447 vt
1262 3406 1384 3448 servum

282 3473 389 3537 Panto.
414 3471 507 3536 Putat
529 3495 580 3535 me
603 3473 682 3535 hanc
705 3473 737 3534 in
760 3493 811 3534 me
833 3487 1033 3554 accepturum
1057 3469 1224 3534 iniuriam?
1352 3488 1385 3537 80
