3359 4225
284 551 366 617 Aer.
382 575 413 636 4,
429 555 477 621 Sc.
495 558 543 641 5⁸]
659 547 1009 626 HYMENAEUS

414 762 453 803 ex
475 742 571 805 nimia
593 741 662 805 solis
684 740 846 805 Cancrum
867 764 971 805 versus
991 742 1140 806 absentia.

285 823 391 890 Panto.
406 826 496 891 >Illud
517 828 568 912 pol
589 851 708 893 verum.

285 910 354 975 Gor.
745 931 815 979 tum
836 931 942 980 autem
964 916 1123 979 videbatur
1357 927 1390 979 6ο

414 1002 453 1064 ad
475 1001 700 1084 Capricornum
722 1002 825 1065 denuo
848 1003 964 1065 directo
985 1024 1078 1066 cursu
1100 1000 1236 1065 tendere.

285 1085 393 1149 Panto.
417 1087 475 1152 Per
496 1089 569 1153 deos
590 1111 661 1152 vera
683 1090 758 1151 mihi
782 1111 945 1169 memoras,
968 1087 1115 1169 Gothrio,

418 1176 479 1238 iam
501 1198 559 1262 ego
581 1176 685 1240 videor
707 1176 782 1239 mihi
806 1175 970 1240 confidere.

288 1259 355 1325 Got.
415 1261 472 1327 Sed
494 1285 557 1346 quo
580 1285 626 1326 res
648 1265 703 1326 ista
724 1262 778 1326 fiat
800 1264 922 1344 certior,

417 1350 471 1429 vis,
495 1352 578 1430 here,
601 1351 803 1433 pharmacum
825 1373 844 1413 a
866 1372 917 1414 me
938 1349 1053 1413 discere
1359 1361 1390 1426 65

416 1436 467 1499 vul
489 1459 509 1499 o
530 1459 594 1499 non
618 1452 739 1517 notum,
762 1437 846 1520 quod
868 1459 1006 1500 amorem
1028 1434 1166 1500 excitet?

286 1519 393 1586 Panto.
417 1459 509 1586 Voio.

286 1607 354 1672 Gor.
529 1610 623 1675 Sume
643 1610 771 1674 oculum
793 1612 928 1673 hominis
947 1611 1089 1673 habentis
1105 1610 1233 1673 unicum
1251 1607 1389 1690 oculum,

416 1711 447 1758 et
468 1695 647 1760 testiculum
669 1697 805 1760 hominis
826 1699 954 1760 vnicum
978 1697 1117 1761 habentis
1139 1695 1329 1777 testiculum,

418 1799 450 1846 et
472 1784 606 1847 facies-

287 1868 393 1933 Panto.
590 1869 678 1943 Quid
700 1871 826 1934 tandem
849 1870 983 1934 faciam?

289 1956 356 2020 Gor.
417 1954 513 2019 Illum
535 1979 667 2038 caecum,
691 1960 775 2020 hunc
798 1958 1001 2022 Eunuchum.
1359 1982 1391 2035 70

288 2042 393 2107 Panto.
419 2043 506 2118 Quid
528 2065 630 2107 caecus
651 2059 682 2108 et
705 2045 880 2125 Eunuchus
899 2044 938 2107 ad
960 2066 1098 2108 amorem
1122 2042 1252 2107 meum?

290 2130 357 2195 Gor.
417 2131 563 2195 Tantum
578 2147 731 2215 quantum
748 2155 836 2196 amor
853 2148 925 2197 tuus
942 2134 980 2196 ad
998 2154 1120 2196 caecum
1138 2146 1169 2195 et
1189 2130 1391 2196 Eunuchum.

288 2217 394 2281 Panto.
419 2217 503 2291 Quae
528 2220 596 2281 haec
619 2219 736 2282 malum
759 2221 923 2282 verborum
946 2219 1148 2302 perplexitas?

290 2303 357 2369 Gor.
418 2303 476 2367 Sed
491 2307 535 2368 vis
550 2307 762 2387 pharmacum,
778 2308 862 2388 here,
878 2306 992 2369 discere
1008 2306 1273 2388 compendiarium
1288 2304 1390 2388 exigui

288 2390 395 2455 Panto.
420 2389 520 2455 Modo
542 2415 582 2455 ne
604 2392 698 2457 ludas.
1215 2390 1392 2477 [sumptusi

289 2478 358 2542 Gor.
593 2526 597 2534 .
706 2478 791 2564 Ergo
812 2480 883 2544 audi
905 2482 1041 2544 obsecro.
1361 2504 1391 2557 75
1485 2531 1487 2534 Α

418 2565 514 2628 solam
536 2588 624 2628 sume
645 2567 766 2629 vrinam
788 2569 975 2630 matutinam
996 2565 1102 2651 Juliae,

419 2651 582 2716 distilletur
604 2668 634 2716 et
656 2655 833 2717 extrahatur
855 2655 965 2737 quinta
985 2653 1123 2733 essentia,

419 2761 488 2802 earn
511 2740 534 2802 si
557 2755 592 2803 tu
614 2741 776 2823 quinquies
799 2763 891 2803 mane
914 2741 1033 2803 ieiunus
1055 2739 1175 2820 biberis,

419 2826 581 2909 probatum
604 2842 659 2907 est,
681 2828 792 2890 amoris
815 2849 942 2911 compos
964 2827 1029 2890 eris.

420 2913 493 2994 Abi,
516 2914 654 2996 pessime.
698 2914 812 2977 siccine
835 2936 960 2977 mecum
982 2911 1070 2996 agis?
1360 2926 1393 2975 8ο

418 2998 507 3072 Quin
529 3000 611 3081 audi,
635 3002 716 3064 here.
762 3023 835 3064 nam
859 3016 926 3083 post
948 3001 972 3063 si
995 3000 1032 3062 ad
1055 3021 1124 3061 eam
1146 2997 1275 3079 veneris,

419 3087 442 3149 si
465 3086 514 3150 vel
537 3108 634 3149 vnum
657 3088 769 3170 poteris
791 3109 922 3170 pangere
943 3087 1094 3167 suavium,

420 3195 493 3236 curn
517 3172 568 3236 illa
589 3187 680 3236 tuum
702 3176 829 3237 senserit
851 3175 1002 3257 spiritum,

420 3261 485 3323 eius
506 3261 627 3342 spiritus
651 3261 783 3323 similem
804 3276 949 3346 agnoscet
971 3260 1123 3342 spiritum,

420 3361 451 3408 et
472 3348 563 3409 vestri
585 3349 628 3410 sic
651 3363 762 3410 mutuo
785 3362 971 3410 concurrent
993 3347 1123 3429 spiritus.
1361 3360 1392 3422 85

288 3433 398 3497 Panto.
422 3433 479 3497 Est
501 3434 645 3516 equidem
666 3433 792 3517 aliquid,
815 3434 898 3517 quod
922 3433 972 3496 hic
996 3432 1069 3495 dicit
1092 3430 1218 3512 nebulo,

418 3521 471 3583 sed
492 3543 553 3583 vna
575 3522 606 3583 in
630 3544 662 3584 re
684 3536 764 3583 errat
785 3518 1023 3604 aliquantulum.

1253 3653 1324 3706 4-2
