3359 4225
283 492 337 600 7⁶
742 499 934 579 Norrs

728 696 788 744 Aer
806 696 827 745 I.
865 696 907 747 Sc.
925 711 949 759 3.

284 815 314 855 11
349 820 406 854 cum
417 806 468 855 sola
478 807 552 856 solus.
585 807 645 858 Ter.
657 808 730 858 Eun.
744 821 784 859 111.
800 824 823 873 5.
838 824 887 874 31:
905 810 1115 861 soluscumsola.

283 897 325 951 41,
338 896 373 952 42
404 894 484 936 necte
500 887 541 937 dic
555 896 660 939 matus
675 906 717 939 nec
732 892 834 941 vestitus
848 892 955 941 condecet
968 890 972 956 Ι
986 906 1119 942 musarum
1134 891 1277 941 alumnum.
1313 890 1398 940 There

382 968 447 1002 were
462 952 576 1019 frequent
591 956 698 1005 outcries
713 956 739 1005 in
754 956 797 1006 the
814 956 979 1007 Elizebethan
994 958 1082 1023 period
1097 957 1196 1021 against
1210 955 1254 1005 the
1268 954 1398 1019 unseemly

382 1017 451 1067 dress
462 1019 568 1069 affected
578 1020 614 1085 by
624 1021 760 1085 university
770 1021 893 1071 students.

284 1098 327 1164 48,
340 1112 374 1165 49
405 1117 491 1179 queam,
502 1103 549 1152 etsi
557 1119 597 1167 ego
611 1105 708 1168 dignm
718 1121 791 1154 essem
803 1102 944 1221 maximup
954 1112 983 1155 at
993 1112 1023 1155 tu
1034 1106 1138 1182 mirrimc
1149 1106 1247 1170 dtgrrus,
1261 1104 1398 1168 Alphonrc,

383 1182 429 1231 qur
444 1168 549 1230 faceres.
584 1168 643 1218 Ter.
664 1171 736 1219 Eun.
757 1182 784 1219 v.
805 1186 828 1219 r.
850 1187 889 1234 25,
913 1186 926 1219 r
954 1190 961 1221 z
984 1187 1042 1221 nam
1061 1187 1083 1221 ει
1104 1186 1152 1235 ego
1171 1172 1249 1235 digna
1268 1170 1316 1219 hac
1338 1184 1399 1219 con-

384 1232 488 1282 tumelia
503 1232 507 1298 Ι
522 1232 584 1284 Sum
596 1250 721 1296 maxume,
735 1243 761 1285 at
772 1242 799 1285 tu
811 1235 928 1301 indignus
939 1236 982 1302 qui
994 1236 1087 1287 faceres
1098 1243 1191 1286 tamen.

733 1430 793 1479 ACT
810 1430 833 1479 I.
868 1428 909 1480 Se.
929 1449 954 1493 4.

306 1546 319 1584 1
352 1536 460 1600 Acdrfhl
474 1537 519 1585 istc
537 1538 588 1588 dies
597 1545 731 1601 perversus
747 1546 820 1602 atque
834 1538 954 1587 adversus
969 1537 1036 1587 milri
1050 1538 1148 1587 accedet
1182 1537 1264 1588 Pluut.
1282 1538 1353 1587 Men.
1370 1548 1399 1588 V.

387 1618 409 1664 5.
427 1616 437 1649 1
449 1614 455 1650 :
474 1602 573 1669 Edepol
584 1618 631 1652 nae
643 1602 683 1653 hic
694 1603 748 1653 dies
759 1618 892 1667 pervorsus
902 1610 979 1668 atque
990 1604 1109 1653 advorsus
1120 1603 1182 1652 mihi
1193 1602 1292 1667 obtigit.

304 1695 322 1748 4
353 1685 436 1761 agitor
446 1687 522 1736 miser
531 1688 560 1736 in
574 1687 741 1737 amorisrota.
777 1685 1223 1751 Plaut.c2·st.11.1.4:agitor...in
1239 1684 1332 1735 amoris
1346 1692 1404 1735 totu

387 1766 471 1801 miser.

305 1832 361 1897 7,8
390 1835 557 1964 (starufiepilo,
573 1832 577 1898 Ι
591 1835 677 1884 nullus
695 1840 729 1883 est
744 1835 819 1898 agnis,
834 1840 859 1884 et
873 1839 938 1883 totus
953 1833 1032 1883 ardeo.
1069 1833 1150 1884 Plaut.
1170 1833 1262 1883 Bacch.
1283 1845 1303 1883 1.
1324 1833 1366 1885 Sc.
1390 1848 1401 1883 r

398 1915 513 1964 spurious
545 1914 588 1949 Α.

292 1992 322 2031 11
358 1982 412 2059 Νι(
419 1988 496 2032 tecum
512 1999 558 2059 nec¹
568 1984 624 2032 sine
637 1990 660 2032 te
673 1983 755 2032 vr'rrere
764 1990 875 2046 possum.
910 1983 986 2031 Mart.
998 1993 1051 2031 x11.
1065 1983 1114 2045 48:
1131 1981 1187 2031 Nec
1201 1988 1285 2031 tecum
1299 1996 1404 2045 possum

388 2064 471 2098 vivere
481 2064 528 2099 nec
539 2064 593 2098 sme
603 2056 636 2098 te.

293 2128 325 2181 16
357 2133 484 2182 ncsoevr'at
494 2139 627 2198 tantopere.
660 2132 710 2197 Cp.
723 2144 743 2180 1.
756 2147 779 2182 1.
794 2147 823 2194 51
836 2147 865 2181 n.

294 2225 325 2278 19
352 2221 406 2278 par
415 2216 479 2278 pari
495 2214 608 2278 reseram,
626 2216 694 2279 quod
707 2230 762 2263 eum
782 2215 901 2263 nrordeat.
935 2212 994 2263 Ter.
1015 2213 1088 2262 Eun.
1109 2223 1153 2262 111.
1174 2228 1196 2262 1.
1215 2224 1262 2275 55:
1284 2211 1333 2261 Par
1349 2210 1405 2276 puri

390 2280 475 2342 [aliter
485 2296 531 2345 pro
542 2280 607 2345 pari]
618 2280 717 2336 referto,
729 2280 798 2344 quod
810 2294 866 2328 eam
877 2279 1000 2329 mordeat.

294 2372 328 2412 22
361 2363 438 2412 istum
456 2363 501 2426 (sc.
522 2363 638 2428 ‘hunc’).
672 2363 714 2414 On
731 2362 775 2411 the
790 2378 835 2412 use
851 2360 881 2411 of
897 2361 1079 2412 ‘iste'=‘hic’
1094 2361 1122 2409 in
1138 2359 1269 2410 mediaeval
1285 2360 1335 2410 and
1356 2362 1406 2411 Re·

391 2429 520 2478 naissance
537 2429 623 2485 Latin,
635 2444 676 2478 see
693 2444 735 2492 my
746 2434 818 2477 notes
833 2443 868 2477 on
883 2427 1030 2485 Pedantius,
1042 2428 1059 2476 1.
1077 2437 1117 2490 74,
1133 2425 1267 2476 Fraunce’s
1285 2426 1403 2487 Wctoria,

392 2493 420 2542 ll.
435 2509 489 2571 rog,
505 2493 575 2558 1669.
612 2495 637 2542 It
648 2494 669 2542 is
680 2493 795 2558 frequent
807 2492 833 2542 in
845 2492 894 2542 this
906 2493 972 2557 play.

295 2582 394 2639 24-27
427 2575 508 2625 Plaut.
528 2577 605 2625 Asin.
625 2587 644 2624 1.
658 2592 682 2640 3.
698 2574 779 2639 4-6:
797 2575 875 2624 Fixus
889 2574 931 2623 hic
948 2572 1016 2638 apud
1032 2589 1078 2622 nos
1094 2580 1131 2622 est
1146 2572 1245 2622 animus
1259 2580 1317 2623 tuus
1333 2575 1406 2623 clavo

394 2640 534 2705 Cupidinis.
550 2638 554 2705 Ι
570 2640 687 2705 Remigio
702 2640 808 2706 veloque
823 2647 946 2705 quantum
960 2638 1063 2702 poteris,
1077 2637 1167 2688 festina
1180 2645 1205 2687 et
1219 2637 1287 2702 suge.
1301 2636 1306 2702 Ι
1322 2638 1406 2702 Quam

394 2707 474 2770 magis
486 2715 510 2757 te
521 2707 548 2754 in
558 2705 639 2755 altum
649 2707 765 2770 capessis,
779 2712 831 2754 tam
843 2713 917 2755 astus
929 2711 954 2753 te
965 2704 991 2754 in
1003 2712 1103 2768 portum
1115 2703 1196 2753 refert.

296 2800 330 2857 37
352 2797 485 2856 jamnum.
521 2790 585 2839 Tbis
596 2789 704 2855 spelling
715 2789 743 2839 oi
757 2788 800 2838 the
810 2786 995 2838 wordisoften
1010 2787 1088 2836 found
1099 2795 1125 2835 at
1137 2787 1186 2836 this
1197 2785 1266 2835 time.
1300 2785 1350 2852 Cp.
1366 2800 1404 2838 1v.

398 2872 419 2905 r.
436 2871 474 2919 23·

739 3001 800 3050 Act
818 3001 840 3049 1.
876 3000 918 3051 Sc.
937 3013 961 3064 5.

319 3143 331 3181 1
366 3129 424 3178 vitoe
434 3127 568 3177 dimdium
580 3141 643 3176 meae.
680 3124 883 3190 Cp.1v.1.8n.

317 3224 335 3280 5
366 3213 410 3263 vbi
419 3211 484 3261 vires
493 3211 618 3274 expmirre
628 3215 694 3258 tuas.
727 3208 778 3259 Ov.
789 3209 852 3259 Her.
869 3220 900 3257 11.
914 3210 977 3257 180:
994 3207 1015 3257 si
1026 3205 1092 3256 vires
1103 3206 1229 3270 experiere
1239 3213 1301 3256 tuus.

318 3304 336 3360 7
367 3294 554 3408 Bss·t⁶gff?tt²fr'
564 3291 612 3358 qui
621 3298 739 3340 exoratur
752 3291 807 3340 cito.
841 3289 981 3354 Suggested
998 3290 1032 3353 by
1042 3289 1086 3338 the
1102 3289 1218 3352 proverb,
1234 3288 1293 3338 ‘Bis
1307 3288 1352 3339 dat
1367 3290 1412 3356 qui

320 3455 338 3508 9
369 3375 624 3507 imjoleractimpetra.
657 3438 706 3503 Cp.
721 3439 854 3488 PlautM.
872 3438 900 3488 G.
916 3450 955 3487 lv.
967 3456 991 3498 4.
1005 3452 1043 3500 23,
1060 3451 1106 3498 24:
1127 3437 1184 3485 Pal.
1203 3451 1269 3485 nunc
1284 3436 1350 3487 hanc
1364 3439 1412 3490 tibi

403 3521 451 3571 ego
461 3507 558 3570 impero
569 3504 732 3570 provinciam.
774 3507 835 3553 Acr.
853 3503 1007 3568 impetrabis,
1019 3503 1163 3566 imperator,
1174 3502 1243 3566 quod
1254 3517 1302 3567 ego
1314 3512 1414 3567 potero.
