<?xml version="1.0" encoding="UTF-8"?>
<!DOCTYPE html PUBLIC "-//W3C//DTD XHTML 1.0 Transitional//EN"
    "http://www.w3.org/TR/xhtml1/DTD/xhtml1-transitional.dtd">
<html xmlns="http://www.w3.org/1999/xhtml" xml:lang="en" lang="en">
 <head>
  <title>
</title>
<meta http-equiv="Content-Type" content="text/html;charset=utf-8" />
  <meta name='ocr-system' content='tesseract 3.04.00' />
  <meta name='ocr-capabilities' content='ocr_page ocr_carea ocr_par ocr_line ocrx_word'/>
</head>
<body>
  <div class='ocr_page' id='page_1' title='image "./hymenusacomedya01smitgoog_0062.png"; bbox 0 0 3359 4225; ppageno 0'>
   <div class='ocr_carea' id='block_1_1' title="bbox 309 486 1417 594">
    <p class='ocr_par' dir='ltr' id='par_1_1' title="bbox 309 486 1417 594">
     <span class='ocr_line' id='line_1_1' title="bbox 309 486 1417 594; baseline 0 -28"><span class='ocrx_word' id='word_1_1' title='bbox 309 486 363 594; x_wconf 86' lang='lat'>36</span> <span class='ocrx_word' id='word_1_2' title='bbox 688 486 1038 565; x_wconf 86' lang='lat' dir='ltr'>HYMENAEUS</span> <span class='ocrx_word' id='word_1_3' title='bbox 1153 498 1251 583; x_wconf 80' lang='lat' dir='ltr'>[Aer.</span> <span class='ocrx_word' id='word_1_4' title='bbox 1268 499 1365 586; x_wconf 81' lang='lat' dir='ltr'>3,Sc.</span> <span class='ocrx_word' id='word_1_5' title='bbox 1380 506 1417 580; x_wconf 79' lang='grc'>4·</span> 
     </span>
    </p>
   </div>
   <div class='ocr_carea' id='block_1_2' title="bbox 306 680 1416 2070">
    <p class='ocr_par' dir='ltr' id='par_1_2' title="bbox 306 680 1148 851">
     <span class='ocr_line' id='line_1_2' title="bbox 436 680 1148 764; baseline 0.008 -21"><span class='ocrx_word' id='word_1_6' title='bbox 436 680 603 764; x_wconf 69' lang='lat' dir='ltr'>praevidere</span> <span class='ocrx_word' id='word_1_7' title='bbox 624 695 656 745; x_wconf 90' lang='lat' dir='ltr'>et</span> <span class='ocrx_word' id='word_1_8' title='bbox 677 680 836 764; x_wconf 87' lang='lat' dir='ltr'>providere</span> <span class='ocrx_word' id='word_1_9' title='bbox 857 682 1028 764; x_wconf 81' lang='lat' dir='ltr'>sapientem</span> <span class='ocrx_word' id='word_1_10' title='bbox 1050 683 1148 749; x_wconf 80' lang='lat' dir='ltr'>decet.</span> 
     </span>
     <span class='ocr_line' id='line_1_3' title="bbox 306 767 963 851; baseline 0.002 -19"><span class='ocrx_word' id='word_1_11' title='bbox 306 767 414 834; x_wconf 87' lang='lat' dir='ltr'>Panto.</span> <span class='ocrx_word' id='word_1_12' title='bbox 437 767 575 832; x_wconf 82' lang='lat' dir='ltr'>Edoctus</span> <span class='ocrx_word' id='word_1_13' title='bbox 597 790 677 851; x_wconf 86' lang='lat' dir='ltr'>saepe</span> <span class='ocrx_word' id='word_1_14' title='bbox 699 783 837 832; x_wconf 86' lang='lat' dir='ltr'>metuere</span> <span class='ocrx_word' id='word_1_15' title='bbox 860 768 963 833; x_wconf 87' lang='lat' dir='ltr'>didici.</span> 
     </span>
    </p>

    <p class='ocr_par' dir='ltr' id='par_1_3' title="bbox 306 854 1416 1549">
     <span class='ocr_line' id='line_1_4' title="bbox 436 854 807 939; baseline 0 -20"><span class='ocrx_word' id='word_1_16' title='bbox 436 854 488 919; x_wconf 84' lang='lat' dir='ltr'>sed</span> <span class='ocrx_word' id='word_1_17' title='bbox 509 856 585 939; x_wconf 93' lang='lat' dir='ltr'>quid</span> <span class='ocrx_word' id='word_1_18' title='bbox 608 854 657 918; x_wconf 87' lang='lat' dir='ltr'>ilie</span> <span class='ocrx_word' id='word_1_19' title='bbox 679 854 807 919; x_wconf 83' lang='lat' dir='ltr'>eduxit?</span> 
     </span>
     <span class='ocr_line' id='line_1_5' title="bbox 308 941 1146 1027; baseline 0.001 -21"><span class='ocrx_word' id='word_1_20' title='bbox 308 942 377 1007; x_wconf 88' lang='lat' dir='ltr'>Got.</span> <span class='ocrx_word' id='word_1_21' title='bbox 826 941 963 1027; x_wconf 80' lang='lat' dir='ltr'><strong>gladium</strong></span> <span class='ocrx_word' id='word_1_22' title='bbox 986 941 1146 1007; x_wconf 86' lang='lat' dir='ltr'>Scaevolae.</span> 
     </span>
     <span class='ocr_line' id='line_1_6' title="bbox 308 1028 1140 1114; baseline 0.001 -21"><span class='ocrx_word' id='word_1_23' title='bbox 308 1028 417 1093; x_wconf 84' lang='lat' dir='ltr'>Panto.</span> <span class='ocrx_word' id='word_1_24' title='bbox 441 1028 475 1095; x_wconf 95' lang='grc' dir='ltr'>Ο</span> <span class='ocrx_word' id='word_1_25' title='bbox 498 1051 593 1114; x_wconf 86' lang='lat' dir='ltr'><strong>quam</strong></span> <span class='ocrx_word' id='word_1_26' title='bbox 616 1044 647 1093; x_wconf 94' lang='lat' dir='ltr'>te</span> <span class='ocrx_word' id='word_1_27' title='bbox 668 1051 728 1114; x_wconf 83' lang='lat' dir='ltr'>ego</span> <span class='ocrx_word' id='word_1_28' title='bbox 750 1030 852 1092; x_wconf 92' lang='lat' dir='ltr'>iunior</span> <span class='ocrx_word' id='word_1_29' title='bbox 873 1031 1003 1093; x_wconf 87' lang='lat' dir='ltr'>charum</span> <span class='ocrx_word' id='word_1_30' title='bbox 1025 1028 1140 1094; x_wconf 79' lang='lat' dir='ltr'>habui!</span> 
     </span>
     <span class='ocr_line' id='line_1_7' title="bbox 306 1115 1416 1200; baseline 0.006 -21"><span class='ocrx_word' id='word_1_31' title='bbox 306 1115 390 1180; x_wconf 83' lang='lat' dir='ltr'>Ame.</span> <span class='ocrx_word' id='word_1_32' title='bbox 438 1115 539 1197; x_wconf 80' lang='lat' dir='ltr'>Itane,</span> <span class='ocrx_word' id='word_1_33' title='bbox 562 1115 776 1200; x_wconf 85' lang='lat' dir='ltr'>Pantomage?</span> <span class='ocrx_word' id='word_1_34' title='bbox 805 1115 905 1180; x_wconf 91' lang='lat' dir='ltr'><strong>telum</strong></span> <span class='ocrx_word' id='word_1_35' title='bbox 928 1132 993 1181; x_wconf 83' lang='lat' dir='ltr'>tam</span> <span class='ocrx_word' id='word_1_36' title='bbox 1016 1118 1113 1200; x_wconf 88' lang='lat' dir='ltr'>perite</span> <span class='ocrx_word' id='word_1_37' title='bbox 1134 1115 1255 1182; x_wconf 76' lang='lat' dir='ltr'>verses?</span> <span class='ocrx_word' id='word_1_38' title='bbox 1381 1149 1416 1198; x_wconf 83' lang='lat'>4⁰</span> 
     </span>
     <span class='ocr_line' id='line_1_8' title="bbox 307 1202 1354 1286; baseline 0.003 -19"><span class='ocrx_word' id='word_1_39' title='bbox 307 1202 414 1268; x_wconf 88' lang='lat' dir='ltr'>Panto.</span> <span class='ocrx_word' id='word_1_40' title='bbox 437 1202 526 1267; x_wconf 90' lang='lat' dir='ltr'>Nihil</span> <span class='ocrx_word' id='word_1_41' title='bbox 549 1219 594 1268; x_wconf 86' lang='lat' dir='ltr'>est</span> <span class='ocrx_word' id='word_1_42' title='bbox 616 1220 713 1286; x_wconf 83' lang='lat' dir='ltr'>praevt</span> <span class='ocrx_word' id='word_1_43' title='bbox 736 1225 865 1286; x_wconf 80' lang='lat' dir='ltr'>possem,</span> <span class='ocrx_word' id='word_1_44' title='bbox 887 1226 961 1267; x_wconf 90' lang='lat' dir='ltr'>cum</span> <span class='ocrx_word' id='word_1_45' title='bbox 984 1205 1102 1268; x_wconf 91' lang='lat' dir='ltr'>iuvenis</span> <span class='ocrx_word' id='word_1_46' title='bbox 1123 1204 1224 1269; x_wconf 81' lang='lat' dir='ltr'><strong>adhuc</strong></span> <span class='ocrx_word' id='word_1_47' title='bbox 1246 1226 1354 1270; x_wconf 76' lang='lat' dir='ltr'>essem.</span> 
     </span>
     <span class='ocr_line' id='line_1_9' title="bbox 307 1289 1227 1373; baseline 0.002 -20"><span class='ocrx_word' id='word_1_48' title='bbox 307 1289 389 1355; x_wconf 72' lang='lat' dir='ltr'>Arne.</span> <span class='ocrx_word' id='word_1_49' title='bbox 436 1290 521 1355; x_wconf 89' lang='lat' dir='ltr'>Mihi</span> <span class='ocrx_word' id='word_1_50' title='bbox 545 1290 595 1373; x_wconf 92' lang='lat' dir='ltr'>pol</span> <span class='ocrx_word' id='word_1_51' title='bbox 619 1291 736 1354; x_wconf 88' lang='lat' dir='ltr'>iuvenis</span> <span class='ocrx_word' id='word_1_52' title='bbox 757 1291 868 1354; x_wconf 90' lang='lat' dir='ltr'>videris</span> <span class='ocrx_word' id='word_1_53' title='bbox 889 1306 921 1354; x_wconf 94' lang='lat' dir='ltr'>et</span> <span class='ocrx_word' id='word_1_54' title='bbox 942 1290 1031 1354; x_wconf 90' lang='lat' dir='ltr'><strong>vultu</strong></span> <span class='ocrx_word' id='word_1_55' title='bbox 1054 1307 1086 1354; x_wconf 90' lang='lat' dir='ltr'>et</span> <span class='ocrx_word' id='word_1_56' title='bbox 1108 1292 1227 1356; x_wconf 84' lang='lat' dir='ltr'>robore.</span> 
     </span>
     <span class='ocr_line' id='line_1_10' title="bbox 309 1377 1186 1462; baseline 0.001 -20"><span class='ocrx_word' id='word_1_57' title='bbox 309 1377 376 1442; x_wconf 88' lang='lat' dir='ltr'>Got.</span> <span class='ocrx_word' id='word_1_58' title='bbox 436 1377 479 1441; x_wconf 88' lang='lat' dir='ltr'>Et</span> <span class='ocrx_word' id='word_1_59' title='bbox 502 1377 577 1440; x_wconf 92' lang='lat' dir='ltr'>mihi</span> <span class='ocrx_word' id='word_1_60' title='bbox 600 1400 724 1461; x_wconf 86' lang='lat' dir='ltr'>quoque</span> <span class='ocrx_word' id='word_1_61' title='bbox 747 1377 833 1440; x_wconf 87' lang='lat' dir='ltr'>fortis</span> <span class='ocrx_word' id='word_1_62' title='bbox 857 1393 944 1462; x_wconf 88' lang='lat' dir='ltr'>tergo</span> <span class='ocrx_word' id='word_1_63' title='bbox 965 1400 1030 1440; x_wconf 91' lang='lat' dir='ltr'>non</span> <span class='ocrx_word' id='word_1_64' title='bbox 1053 1394 1186 1461; x_wconf 87' lang='lat' dir='ltr'>pectore.</span> 
     </span>
     <span class='ocr_line' id='line_1_11' title="bbox 307 1463 1274 1549; baseline 0.002 -22"><span class='ocrx_word' id='word_1_65' title='bbox 307 1463 414 1529; x_wconf 84' lang='lat' dir='ltr'>Panto.</span> <span class='ocrx_word' id='word_1_66' title='bbox 439 1463 563 1530; x_wconf 85' lang='lat' dir='ltr'>Omnes</span> <span class='ocrx_word' id='word_1_67' title='bbox 585 1464 768 1528; x_wconf 86' lang='lat' dir='ltr'>defensionis</span> <span class='ocrx_word' id='word_1_68' title='bbox 790 1464 908 1545; x_wconf 89' lang='lat' dir='ltr'>modos,</span> <span class='ocrx_word' id='word_1_69' title='bbox 931 1466 1093 1547; x_wconf 78' lang='lat' dir='ltr'>Amerina,</span> <span class='ocrx_word' id='word_1_70' title='bbox 1115 1487 1274 1549; x_wconf 87' lang='lat' dir='ltr'>noveram,</span> 
     </span>
    </p>

    <p class='ocr_par' dir='ltr' id='par_1_4' title="bbox 307 1551 1415 2070">
     <span class='ocr_line' id='line_1_12' title="bbox 437 1551 1415 1634; baseline 0.001 -21"><span class='ocrx_word' id='word_1_71' title='bbox 437 1566 469 1614; x_wconf 91' lang='lat' dir='ltr'>et</span> <span class='ocrx_word' id='word_1_72' title='bbox 492 1552 597 1614; x_wconf 87' lang='lat' dir='ltr'>caesim</span> <span class='ocrx_word' id='word_1_73' title='bbox 619 1565 651 1614; x_wconf 94' lang='lat' dir='ltr'>et</span> <span class='ocrx_word' id='word_1_74' title='bbox 673 1552 816 1634; x_wconf 88' lang='lat' dir='ltr'>punctim</span> <span class='ocrx_word' id='word_1_75' title='bbox 838 1551 928 1614; x_wconf 90' lang='lat' dir='ltr'>ferire</span> <span class='ocrx_word' id='word_1_76' title='bbox 950 1551 1053 1616; x_wconf 88' lang='lat' dir='ltr'>didici.</span> <span class='ocrx_word' id='word_1_77' title='bbox 1204 1575 1207 1580; x_wconf 90' lang='lat'>·</span> <span class='ocrx_word' id='word_1_78' title='bbox 1382 1583 1415 1633; x_wconf 82' lang='lat'>45</span> 
     </span>
     <span class='ocr_line' id='line_1_13' title="bbox 307 1635 1210 1723; baseline 0.002 -21"><span class='ocrx_word' id='word_1_79' title='bbox 307 1638 390 1702; x_wconf 79' lang='lat' dir='ltr'>Anu.</span> <span class='ocrx_word' id='word_1_80' title='bbox 435 1635 514 1703; x_wconf 88' lang='lat' dir='ltr'>Satis</span> <span class='ocrx_word' id='word_1_81' title='bbox 534 1653 591 1719; x_wconf 86' lang='lat' dir='ltr'>est,</span> <span class='ocrx_word' id='word_1_82' title='bbox 614 1636 814 1723; x_wconf 82' lang='lat' dir='ltr'>Pantomage,</span> <span class='ocrx_word' id='word_1_83' title='bbox 838 1638 900 1701; x_wconf 87' lang='lat' dir='ltr'>iam</span> <span class='ocrx_word' id='word_1_84' title='bbox 922 1654 990 1703; x_wconf 82' lang='lat' dir='ltr'>tuns</span> <span class='ocrx_word' id='word_1_85' title='bbox 1010 1640 1089 1703; x_wconf 75' lang='lat' dir='ltr'>vires</span> <span class='ocrx_word' id='word_1_86' title='bbox 1111 1640 1210 1704; x_wconf 83' lang='lat' dir='ltr'>video.</span> 
     </span>
     <span class='ocr_line' id='line_1_14' title="bbox 308 1725 1139 1812; baseline 0 -22"><span class='ocrx_word' id='word_1_87' title='bbox 308 1725 415 1791; x_wconf 83' lang='lat' dir='ltr'>Panto.</span> <span class='ocrx_word' id='word_1_88' title='bbox 439 1726 504 1807; x_wconf 87' lang='lat' dir='ltr'>Ah,</span> <span class='ocrx_word' id='word_1_89' title='bbox 528 1725 689 1807; x_wconf 78' lang='lat' dir='ltr'>Amerina,</span> <span class='ocrx_word' id='word_1_90' title='bbox 711 1740 742 1789; x_wconf 92' lang='lat' dir='ltr'>et</span> <span class='ocrx_word' id='word_1_91' title='bbox 765 1726 808 1812; x_wconf 90' lang='lat' dir='ltr'>hij</span> <span class='ocrx_word' id='word_1_92' title='bbox 833 1726 896 1788; x_wconf 90' lang='lat' dir='ltr'>iam</span> <span class='ocrx_word' id='word_1_93' title='bbox 918 1727 1033 1790; x_wconf 87' lang='lat' dir='ltr'>mortui</span> <span class='ocrx_word' id='word_1_94' title='bbox 1056 1741 1139 1790; x_wconf 87' lang='lat' dir='ltr'>sunt.</span> 
     </span>
     <span class='ocr_line' id='line_1_15' title="bbox 308 1811 684 1886; baseline -0.005 -10"><span class='ocrx_word' id='word_1_95' title='bbox 308 1811 390 1877; x_wconf 73' lang='lat' dir='ltr'>Arne.</span> <span class='ocrx_word' id='word_1_96' title='bbox 436 1812 524 1886; x_wconf 91' lang='lat' dir='ltr'><strong>Quid</strong></span> <span class='ocrx_word' id='word_1_97' title='bbox 547 1811 684 1875; x_wconf 84' lang='lat' dir='ltr'>mortui?</span> 
     </span>
     <span class='ocr_line' id='line_1_16' title="bbox 308 1898 1232 1981; baseline 0 -17"><span class='ocrx_word' id='word_1_98' title='bbox 308 1899 414 1964; x_wconf 83' lang='lat' dir='ltr'>Panto.</span> <span class='ocrx_word' id='word_1_99' title='bbox 699 1915 787 1981; x_wconf 87' lang='lat' dir='ltr'>provt</span> <span class='ocrx_word' id='word_1_100' title='bbox 809 1899 947 1981; x_wconf 89' lang='lat' dir='ltr'>fuerunt,</span> <span class='ocrx_word' id='word_1_101' title='bbox 970 1922 1040 1963; x_wconf 80' lang='lat' dir='ltr'>mea</span> <span class='ocrx_word' id='word_1_102' title='bbox 1061 1898 1232 1965; x_wconf 79' lang='lat' dir='ltr'>delicatula.</span> 
     </span>
     <span class='ocr_line' id='line_1_17' title="bbox 310 1984 1077 2070; baseline -0.003 -18"><span class='ocrx_word' id='word_1_103' title='bbox 310 1984 1077 2070; x_wconf 49' lang='lat' dir='ltr'>Qfflfflmfflmm</span> 
     </span>
    </p>
   </div>
   <div class='ocr_carea' id='block_1_3' title="bbox 308 2073 1506 2159">
    <p class='ocr_par' dir='ltr' id='par_1_5' title="bbox 308 2073 1506 2159">
     <span class='ocr_line' id='line_1_18' title="bbox 308 2073 1506 2159; baseline 0.002 -19"><span class='ocrx_word' id='word_1_104' title='bbox 308 2074 416 2140; x_wconf 86' lang='lat' dir='ltr'>Panto.</span> <span class='ocrx_word' id='word_1_105' title='bbox 439 2075 537 2138; x_wconf 91' lang='lat' dir='ltr'>Nunc</span> <span class='ocrx_word' id='word_1_106' title='bbox 559 2073 683 2138; x_wconf 89' lang='lat' dir='ltr'>hercule</span> <span class='ocrx_word' id='word_1_107' title='bbox 705 2075 832 2139; x_wconf 84' lang='lat' dir='ltr'>obsecro</span> <span class='ocrx_word' id='word_1_108' title='bbox 854 2089 1018 2158; x_wconf 83' lang='lat' dir='ltr'><strong>postquam</strong></span> <span class='ocrx_word' id='word_1_109' title='bbox 1033 2074 1134 2138; x_wconf 85' lang='lat' dir='ltr'>videas</span> <span class='ocrx_word' id='word_1_110' title='bbox 1156 2076 1210 2159; x_wconf 91' lang='lat' dir='ltr'>qui</span> <span class='ocrx_word' id='word_1_111' title='bbox 1233 2074 1321 2158; x_wconf 87' lang='lat' dir='ltr'>siem,</span> <span class='ocrx_word' id='word_1_112' title='bbox 1382 2104 1415 2156; x_wconf 83' lang='lat'>50</span> <span class='ocrx_word' id='word_1_113' title='bbox 1502 2083 1506 2097; x_wconf 86' lang='grc'><em>“</em></span> 
     </span>
    </p>
   </div>
   <div class='ocr_carea' id='block_1_4' title="bbox 308 2160 1416 3550">
    <p class='ocr_par' dir='ltr' id='par_1_6' title="bbox 308 2160 1416 3550">
     <span class='ocr_line' id='line_1_19' title="bbox 439 2160 1091 2246; baseline -0.002 -20"><span class='ocrx_word' id='word_1_114' title='bbox 439 2178 472 2226; x_wconf 91' lang='lat' dir='ltr'>vt</span> <span class='ocrx_word' id='word_1_115' title='bbox 494 2184 597 2224; x_wconf 82' lang='lat' dir='ltr'>meam</span> <span class='ocrx_word' id='word_1_116' title='bbox 620 2184 744 2225; x_wconf 84' lang='lat' dir='ltr'>causam</span> <span class='ocrx_word' id='word_1_117' title='bbox 766 2183 837 2246; x_wconf 81' lang='lat' dir='ltr'>agas</span> <span class='ocrx_word' id='word_1_118' title='bbox 858 2162 940 2244; x_wconf 91' lang='lat' dir='ltr'><strong>apud</strong></span> <span class='ocrx_word' id='word_1_119' title='bbox 961 2160 1091 2245; x_wconf 90' lang='lat' dir='ltr'>Juliam.</span> 
     </span>
     <span class='ocr_line' id='line_1_20' title="bbox 308 2247 1413 2332; baseline 0.002 -19"><span class='ocrx_word' id='word_1_120' title='bbox 308 2249 391 2313; x_wconf 77' lang='lat' dir='ltr'>Amr.</span> <span class='ocrx_word' id='word_1_121' title='bbox 437 2247 578 2332; x_wconf 89' lang='lat' dir='ltr'>Spondeo</span> <span class='ocrx_word' id='word_1_122' title='bbox 600 2270 651 2311; x_wconf 88' lang='lat' dir='ltr'>me</span> <span class='ocrx_word' id='word_1_123' title='bbox 673 2247 914 2312; x_wconf 85' lang='lat' dir='ltr'>collaudaturam</span> <span class='ocrx_word' id='word_1_124' title='bbox 936 2265 968 2313; x_wconf 92' lang='lat' dir='ltr'>te</span> <span class='ocrx_word' id='word_1_125' title='bbox 989 2249 1161 2314; x_wconf 88' lang='lat' dir='ltr'>secundum</span> <span class='ocrx_word' id='word_1_126' title='bbox 1182 2249 1312 2312; x_wconf 80' lang='lat' dir='ltr'>virtutes</span> <span class='ocrx_word' id='word_1_127' title='bbox 1333 2264 1413 2315; x_wconf 81' lang='lat' dir='ltr'>tuas.</span> 
     </span>
     <span class='ocr_line' id='line_1_21' title="bbox 308 2335 1304 2420; baseline 0 -20"><span class='ocrx_word' id='word_1_128' title='bbox 308 2336 415 2401; x_wconf 83' lang='lat' dir='ltr'>Panto.</span> <span class='ocrx_word' id='word_1_129' title='bbox 438 2335 525 2400; x_wconf 88' lang='lat' dir='ltr'>Bene</span> <span class='ocrx_word' id='word_1_130' title='bbox 548 2336 631 2416; x_wconf 84' lang='lat' dir='ltr'>facis,</span> <span class='ocrx_word' id='word_1_131' title='bbox 653 2335 816 2414; x_wconf 87' lang='lat' dir='ltr'>Amerina,</span> <span class='ocrx_word' id='word_1_132' title='bbox 840 2336 986 2399; x_wconf 86' lang='lat' dir='ltr'>reseretur</span> <span class='ocrx_word' id='word_1_133' title='bbox 1007 2337 1062 2398; x_wconf 93' lang='lat' dir='ltr'>tibi</span> <span class='ocrx_word' id='word_1_134' title='bbox 1084 2358 1103 2399; x_wconf 81' lang='lat' dir='ltr'>a</span> <span class='ocrx_word' id='word_1_135' title='bbox 1125 2358 1176 2399; x_wconf 92' lang='lat' dir='ltr'>me</span> <span class='ocrx_word' id='word_1_136' title='bbox 1198 2336 1304 2420; x_wconf 85' lang='lat' dir='ltr'>gratia.</span> 
     </span>
     <span class='ocr_line' id='line_1_22' title="bbox 461 2420 1222 2509; baseline -0.003 -22"><span class='ocrx_word' id='word_1_137' title='bbox 461 2423 514 2487; x_wconf 92' lang='lat' dir='ltr'>uid</span> <span class='ocrx_word' id='word_1_138' title='bbox 535 2420 644 2506; x_wconf 81' lang='lat' dir='ltr'>Julia?</span> <span class='ocrx_word' id='word_1_139' title='bbox 673 2423 816 2506; x_wconf 88' lang='lat' dir='ltr'><strong>nunquid</strong></span> <span class='ocrx_word' id='word_1_140' title='bbox 836 2423 939 2486; x_wconf 85' lang='lat' dir='ltr'><strong>adhuc</strong></span> <span class='ocrx_word' id='word_1_141' title='bbox 960 2424 1102 2486; x_wconf 93' lang='lat' dir='ltr'>cubitum</span> <span class='ocrx_word' id='word_1_142' title='bbox 1123 2422 1222 2509; x_wconf 84' lang='lat' dir='ltr'>abijti</span> 
     </span>
     <span class='ocr_line' id='line_1_23' title="bbox 308 2445 1414 2592; baseline 0.001 -18"><span class='ocrx_word' id='word_1_143' title='bbox 308 2510 391 2575; x_wconf 79' lang='lat' dir='ltr'>Anu.</span> <span class='ocrx_word' id='word_1_144' title='bbox 436 2445 513 2592; x_wconf 60' lang='lat' dir='ltr'>imo</span> <span class='ocrx_word' id='word_1_145' title='bbox 535 2511 618 2574; x_wconf 82' lang='lat' dir='ltr'>intus</span> <span class='ocrx_word' id='word_1_146' title='bbox 639 2509 740 2574; x_wconf 79' lang='lat' dir='ltr'><strong>adhuc</strong></span> <span class='ocrx_word' id='word_1_147' title='bbox 762 2511 848 2573; x_wconf 87' lang='lat' dir='ltr'>sedet</span> <span class='ocrx_word' id='word_1_148' title='bbox 869 2532 943 2573; x_wconf 94' lang='lat' dir='ltr'>cum</span> <span class='ocrx_word' id='word_1_149' title='bbox 966 2508 1113 2575; x_wconf 75' lang='lat' dir='ltr'>scaevola.</span> <span class='ocrx_word' id='word_1_150' title='bbox 1382 2541 1414 2591; x_wconf 80' lang='lat'>55</span> 
     </span>
     <span class='ocr_line' id='line_1_24' title="bbox 309 2596 1003 2681; baseline -0.004 -19"><span class='ocrx_word' id='word_1_151' title='bbox 309 2597 415 2662; x_wconf 82' lang='lat' dir='ltr'>Panto.</span> <span class='ocrx_word' id='word_1_152' title='bbox 439 2596 542 2663; x_wconf 85' lang='lat' dir='ltr'><strong>Saluta</strong></span> <span class='ocrx_word' id='word_1_153' title='bbox 564 2598 658 2681; x_wconf 88' lang='lat' dir='ltr'>igitur</span> <span class='ocrx_word' id='word_1_154' title='bbox 680 2619 749 2660; x_wconf 83' lang='lat' dir='ltr'>earn</span> <span class='ocrx_word' id='word_1_155' title='bbox 771 2619 843 2660; x_wconf 91' lang='lat' dir='ltr'>meo</span> <span class='ocrx_word' id='word_1_156' title='bbox 865 2598 1003 2678; x_wconf 86' lang='lat' dir='ltr'>nomine,</span> 
     </span>
     <span class='ocr_line' id='line_1_25' title="bbox 439 2683 1102 2748; baseline -0.002 0"><span class='ocrx_word' id='word_1_157' title='bbox 439 2699 471 2748; x_wconf 87' lang='lat' dir='ltr'>et</span> <span class='ocrx_word' id='word_1_158' title='bbox 492 2683 542 2747; x_wconf 92' lang='lat' dir='ltr'>dic</span> <span class='ocrx_word' id='word_1_159' title='bbox 565 2706 616 2748; x_wconf 92' lang='lat' dir='ltr'>me</span> <span class='ocrx_word' id='word_1_160' title='bbox 637 2683 766 2747; x_wconf 82' lang='lat' dir='ltr'>osculari</span> <span class='ocrx_word' id='word_1_161' title='bbox 790 2683 895 2747; x_wconf 89' lang='lat' dir='ltr'>locum</span> <span class='ocrx_word' id='word_1_162' title='bbox 916 2685 967 2747; x_wconf 91' lang='lat' dir='ltr'>vbi</span> <span class='ocrx_word' id='word_1_163' title='bbox 990 2683 1102 2748; x_wconf 87' lang='lat' dir='ltr'>sedeat.</span> 
     </span>
     <span class='ocr_line' id='line_1_26' title="bbox 310 2769 1017 2857; baseline -0.003 -21"><span class='ocrx_word' id='word_1_164' title='bbox 310 2772 377 2836; x_wconf 76' lang='lat' dir='ltr'>Gor.</span> <span class='ocrx_word' id='word_1_165' title='bbox 437 2769 551 2835; x_wconf 92' lang='lat' dir='ltr'>Unum</span> <span class='ocrx_word' id='word_1_166' title='bbox 573 2773 699 2835; x_wconf 89' lang='lat' dir='ltr'>obsecro</span> <span class='ocrx_word' id='word_1_167' title='bbox 720 2769 797 2834; x_wconf 89' lang='lat' dir='ltr'>adde</span> <span class='ocrx_word' id='word_1_168' title='bbox 819 2793 890 2834; x_wconf 85' lang='lat' dir='ltr'>mea</span> <span class='ocrx_word' id='word_1_169' title='bbox 911 2771 1017 2857; x_wconf 83' lang='lat' dir='ltr'>gratia.</span> 
     </span>
     <span class='ocr_line' id='line_1_27' title="bbox 308 2854 805 2942; baseline -0.006 -19"><span class='ocrx_word' id='word_1_170' title='bbox 308 2858 415 2923; x_wconf 82' lang='lat' dir='ltr'>Panto.</span> <span class='ocrx_word' id='word_1_171' title='bbox 438 2858 513 2942; x_wconf 92' lang='lat' dir='ltr'>quid</span> <span class='ocrx_word' id='word_1_172' title='bbox 536 2857 622 2940; x_wconf 84' lang='lat' dir='ltr'><strong>illud,</strong></span> <span class='ocrx_word' id='word_1_173' title='bbox 645 2854 805 2922; x_wconf 84' lang='lat' dir='ltr'>Gothrio?</span> 
     </span>
     <span class='ocr_line' id='line_1_28' title="bbox 311 2945 1415 3029; baseline 0.001 -19"><span class='ocrx_word' id='word_1_174' title='bbox 311 2946 378 3011; x_wconf 80' lang='lat' dir='ltr'>Gor.</span> <span class='ocrx_word' id='word_1_175' title='bbox 771 2959 803 3008; x_wconf 90' lang='lat' dir='ltr'>et</span> <span class='ocrx_word' id='word_1_176' title='bbox 818 2960 936 3027; x_wconf 80' lang='lat' dir='ltr'>partem</span> <span class='ocrx_word' id='word_1_177' title='bbox 951 2945 1027 3008; x_wconf 87' lang='lat' dir='ltr'>item</span> <span class='ocrx_word' id='word_1_178' title='bbox 1041 2966 1122 3027; x_wconf 86' lang='lat' dir='ltr'>eam,</span> <span class='ocrx_word' id='word_1_179' title='bbox 1136 2967 1199 3029; x_wconf 80' lang='lat' dir='ltr'>qua</span> <span class='ocrx_word' id='word_1_180' title='bbox 1211 2965 1286 3008; x_wconf 89' lang='lat' dir='ltr'>cum</span> <span class='ocrx_word' id='word_1_181' title='bbox 1300 2947 1415 3012; x_wconf 73' lang='lat' dir='ltr'>sedeat.</span> 
     </span>
     <span class='ocr_line' id='line_1_29' title="bbox 308 3030 1416 3113; baseline -0.001 -17"><span class='ocrx_word' id='word_1_182' title='bbox 308 3032 416 3097; x_wconf 83' lang='lat' dir='ltr'>Panto.</span> <span class='ocrx_word' id='word_1_183' title='bbox 439 3030 529 3095; x_wconf 85' lang='lat' dir='ltr'>Itane</span> <span class='ocrx_word' id='word_1_184' title='bbox 550 3030 687 3113; x_wconf 88' lang='lat' dir='ltr'>tandem,</span> <span class='ocrx_word' id='word_1_185' title='bbox 709 3033 853 3095; x_wconf 88' lang='lat' dir='ltr'>verberea</span> <span class='ocrx_word' id='word_1_186' title='bbox 875 3031 996 3095; x_wconf 81' lang='lat' dir='ltr'>statua?</span> <span class='ocrx_word' id='word_1_187' title='bbox 1381 3048 1416 3102; x_wconf 71' lang='grc' dir='ltr'>σο</span> 
     </span>
     <span class='ocr_line' id='line_1_30' title="bbox 438 3119 594 3184; baseline 0 -1"><span class='ocrx_word' id='word_1_188' title='bbox 438 3119 594 3184; x_wconf 84' lang='lat' dir='ltr'><strong>adesdum.</strong></span> 
     </span>
     <span class='ocr_line' id='line_1_31' title="bbox 310 3205 1099 3290; baseline -0.001 -19"><span class='ocrx_word' id='word_1_189' title='bbox 310 3207 378 3272; x_wconf 83' lang='lat' dir='ltr'>Gor.</span> <span class='ocrx_word' id='word_1_190' title='bbox 611 3205 689 3270; x_wconf 92' lang='lat' dir='ltr'>Non</span> <span class='ocrx_word' id='word_1_191' title='bbox 712 3205 837 3270; x_wconf 84' lang='lat' dir='ltr'>hercule</span> <span class='ocrx_word' id='word_1_192' title='bbox 859 3206 916 3268; x_wconf 86' lang='lat' dir='ltr'>nisi</span> <span class='ocrx_word' id='word_1_193' title='bbox 940 3207 1099 3290; x_wconf 80' lang='lat' dir='ltr'>ignoveris.</span> 
     </span>
     <span class='ocr_line' id='line_1_32' title="bbox 308 3292 939 3375; baseline -0.005 -17"><span class='ocrx_word' id='word_1_194' title='bbox 308 3294 416 3358; x_wconf 82' lang='lat' dir='ltr'>Panto.</span> <span class='ocrx_word' id='word_1_195' title='bbox 439 3292 496 3358; x_wconf 90' lang='lat' dir='ltr'>Pol</span> <span class='ocrx_word' id='word_1_196' title='bbox 518 3293 550 3357; x_wconf 91' lang='lat' dir='ltr'>ni</span> <span class='ocrx_word' id='word_1_197' title='bbox 574 3292 658 3356; x_wconf 89' lang='lat' dir='ltr'><strong>illam</strong></span> <span class='ocrx_word' id='word_1_198' title='bbox 679 3315 817 3357; x_wconf 81' lang='lat' dir='ltr'>amarem</span> <span class='ocrx_word' id='word_1_199' title='bbox 838 3294 939 3375; x_wconf 87' lang='lat' dir='ltr'>vnice‚</span> 
     </span>
     <span class='ocr_line' id='line_1_33' title="bbox 438 3379 1183 3468; baseline 0.005 -25"><span class='ocrx_word' id='word_1_200' title='bbox 438 3401 601 3465; x_wconf 80' lang='lat' dir='ltr'>nunquam</span> <span class='ocrx_word' id='word_1_201' title='bbox 623 3402 681 3465; x_wconf 82' lang='lat' dir='ltr'>ego</span> <span class='ocrx_word' id='word_1_202' title='bbox 703 3384 762 3444; x_wconf 94' lang='lat' dir='ltr'>hoc</span> <span class='ocrx_word' id='word_1_203' title='bbox 785 3381 839 3444; x_wconf 92' lang='lat' dir='ltr'>tibi</span> <span class='ocrx_word' id='word_1_204' title='bbox 862 3379 960 3444; x_wconf 89' lang='lat' dir='ltr'>scelus</span> <span class='ocrx_word' id='word_1_205' title='bbox 983 3381 1183 3468; x_wconf 88' lang='lat' dir='ltr'>ignoscerem.</span> 
     </span>
     <span class='ocr_line' id='line_1_34' title="bbox 440 3467 1028 3550; baseline 0.003 -20"><span class='ocrx_word' id='word_1_206' title='bbox 440 3469 501 3530; x_wconf 90' lang='lat' dir='ltr'>iam</span> <span class='ocrx_word' id='word_1_207' title='bbox 523 3489 595 3531; x_wconf 89' lang='lat' dir='ltr'>vero</span> <span class='ocrx_word' id='word_1_208' title='bbox 617 3468 682 3530; x_wconf 89' lang='lat' dir='ltr'>eius</span> <span class='ocrx_word' id='word_1_209' title='bbox 702 3489 793 3532; x_wconf 85' lang='lat' dir='ltr'>causa</span> <span class='ocrx_word' id='word_1_210' title='bbox 814 3467 880 3531; x_wconf 88' lang='lat' dir='ltr'>fero</span> <span class='ocrx_word' id='word_1_211' title='bbox 901 3468 1028 3550; x_wconf 87' lang='lat' dir='ltr'>aequius.</span> 
     </span>
    </p>
   </div>
   <div class='ocr_carea' id='block_1_5' title="bbox 0 0 1684 4225">
    <p class='ocr_par' dir='ltr' id='par_1_7' title="bbox 0 0 1684 4225">
     <span class='ocr_line' id='line_1_35' title="bbox 0 0 1684 4225; baseline 0 0"><span class='ocrx_word' id='word_1_212' title='bbox 0 0 1684 4225; x_wconf 95' lang='lat' dir='ltr'> </span> 
     </span>
    </p>
   </div>
  </div>
 </body>
</html>
