3359 4225
287 496 343 599 46

288 693 316 756 C

336 717 364 756 u·

669 499 1019 580 HYMENAEUS
1134 511 1232 595 [Aer.
1248 530 1280 592 4,
1296 508 1345 574 Sc.
1361 516 1397 591 4⁵

411 692 445 759 Ο
468 693 518 777 ροΙ
541 695 704 759 verissima.
747 696 790 758 ita
811 695 898 759 solet.
937 718 1031 759 nemo
1054 694 1107 758 illo
1129 696 1204 759 vivit
1226 695 1393 759 honestior.

418 781 448 843 id
470 783 547 845 adeo
568 803 624 863 pro
645 783 779 865 vtrisque
791 779 951 865 ¹spondere
973 783 1080 847 audeo.
1362 795 1395 848 26

415 889 502 931 secus
523 870 546 931 si
570 869 658 950 foret,
680 867 773 932 aliam
795 869 925 932 domum
947 884 1135 952 quaererent,
1255 877 1257 880 ’

416 953 534 1018 nullam
557 956 608 1018 hic
630 955 711 1037 apud
733 978 784 1018 me
808 978 929 1019 moram
951 956 1096 1019 facerent.

362 1086 370 1104 .
415 1039 504 1104 Bene
525 1043 580 1122 ais,
603 1056 634 1105 et
656 1057 689 1105 vt
711 1043 873 1105 hominem
895 1042 1027 1125 probum
1050 1043 1148 1106 decet.

416 1129 480 1191 vim
503 1150 576 1213 ergo
599 1130 684 1193 vobis
705 1129 826 1192 volebat
849 1128 970 1192 facere?

357 1260 364 1277 .
419 1214 572 1279 Maxime.

595 1301 652 1365 Tu
674 1302 750 1365 mihi
774 1301 824 1385 pol
847 1301 957 1367 videris
978 1303 1140 1388 ingenuus,

417 1388 561 1470 equidem
584 1411 658 1452 cum
680 1404 711 1451 te
733 1390 832 1469 video,
856 1411 906 1451 me
928 1390 974 1453 tui
998 1391 1130 1453 miseret.

416 1476 462 1538 At
484 1498 524 1537 ne
547 1477 698 1557 misereat,
721 1476 771 1558 pol
796 1478 851 1539 iste
873 1492 920 1540 est
941 1477 1156 1560 nequissimus.

362 1608 370 1626 .
415 1560 516 1625 Audis
537 1562 612 1644 quid
634 1562 672 1625 de
694 1576 725 1624 te
747 1562 913 1646 loquantur
935 1562 1099 1627 homines?

414 1649 476 1712 Nae
500 1670 558 1733 ego
579 1671 649 1712 sum
670 1648 917 1713 infaelicissimus.

936 1736 1010 1820 quid
1033 1735 1098 1800 ita?

416 1820 502 1895 Quia
523 1845 581 1885 nec
603 1825 672 1905 quis
692 1824 762 1905 sim,
785 1845 843 1886 nec
864 1824 913 1886 vbi
933 1825 1002 1904 sim,
1020 1845 1080 1887 nec
1096 1824 1172 1908 quid
1192 1826 1394 1907 respondeam

362 1955 370 1972 .
417 1907 579 1982 Quamdiu
602 1911 634 1973 in
657 1911 704 1974 his
726 1909 839 1974 latuisti
863 1909 1001 1973 aedibus?
1304 1913 1393 1997 [seio.

1021 1997 1145 2061 Nescio.

363 2130 371 2147 .
418 2082 499 2158 Quis
521 2099 552 2148 te
575 2082 764 2149 intromisit?

773 2173 898 2236 Nescio.

361 2304 368 2321 .
414 2257 507 2321 Vnde
529 2259 590 2322 huc
613 2258 745 2322 venisti?

759 2346 790 2408 id
811 2345 954 2409 omnium
978 2345 1114 2408 maxime
1136 2347 1249 2410 neseio.

360 2477 368 2493 .
414 2429 548 2514 Mirum,
570 2432 603 2494 ni
625 2433 710 2495 hunc
732 2431 841 2516 aliquis
863 2429 1093 2496 effascinaverit.

416 2518 462 2581 At
484 2519 536 2601 qui
560 2521 661 2602 potuit
683 2520 740 2582 nisi
763 2520 860 2601 ruptis
881 2518 1031 2603 repagulis

416 2620 551 2669 vestrum
573 2606 754 2669 cubiculum
776 2606 905 2693 ingredi,

415 2693 472 2755 nisi
495 2693 573 2756 forte
597 2695 787 2757 intromissus
809 2717 827 2756 a
848 2692 1016 2777 quopiam?

353 2824 361 2840 .
415 2779 448 2841 A
471 2794 581 2843 neutro
603 2796 745 2843 nostrum
768 2781 959 2843 intromissus
981 2794 1036 2860 est,
1058 2801 1117 2844 nec
1139 2781 1178 2844 ab
1199 2779 1259 2844 alio

413 2868 560 2950 quopiam
582 2868 692 2949 potuit.
737 2866 856 2930 clavem
879 2889 950 2930 ecce
973 2867 1136 2931 nobiscum
1158 2869 1303 2952 gerimus.
1358 2900 1391 2951 45

360 3001 367 3018 .
413 2952 497 3038 Ergo
519 2969 573 3016 aut
595 2953 779 3018 adulterinas
800 2953 900 3017 claves
922 2955 1026 3032 habet,

414 3056 467 3104 aut
490 3062 652 3104 murorum
674 3056 719 3104 est
741 3042 842 3104 hiatus
864 3039 984 3124 aliquis,

413 3143 467 3191 aut
489 3128 542 3211 qui
565 3150 618 3191 vos
640 3127 715 3190 latet
737 3126 943 3190 clandestinus
966 3128 1117 3191 introitus.

414 3215 563 3299 quicquid
586 3215 693 3296 idest,
716 3214 787 3278 volo
810 3215 872 3296 ipse
895 3216 1000 3279 visere.

355 3349 363 3365 .
401 3301 561 3366 'Perimua
607 3304 669 3365 iam
691 3303 741 3365 hic
764 3303 846 3364 furta
867 3301 1076 3383 deprehendet
1098 3302 1188 3367 bona.
1359 3335 1393 3384 50

359 3436 366 3453 .
413 3387 488 3452 Duc
510 3411 575 3470 nos,
598 3411 705 3471 caupo.
751 3389 826 3472 quid
849 3388 998 3452 moraris?

355 3523 362 3539 .
412 3475 482 3560 Ego
503 3491 534 3539 te
557 3497 674 3559 sequar.
