3359 4225
329 510 375 590 18
703 507 1053 586 HYMENAEUS
1171 516 1267 599 [Aer.
1285 532 1317 595 2,
1332 511 1381 577 Sc.
1398 520 1434 578 2⁸

614 701 782 775 ACTUS
808 724 843 774 2.
897 702 1062 774 SCENA
1089 712 1136 773 2⁸.

686 834 891 918 Pantomagus.
937 835 1068 900 Gothrio.

325 953 432 1017 Panto.
452 951 526 1037 Jam
548 974 642 1035 prope
664 952 700 1015 ad
725 952 877 1035 Alphonsi
901 953 983 1016 aedes
1004 953 1187 1033 accedimus,

455 1062 519 1124 quo
540 1061 598 1123 ego
620 1039 658 1102 ad
680 1061 812 1102 coenam
834 1056 961 1103 vocatus
984 1041 1113 1103 conviva
1136 1040 1235 1102 venio.

455 1126 524 1190 vide
546 1142 580 1190 vt
602 1142 633 1190 te
655 1126 783 1190 delicate
805 1149 901 1211 geras,
923 1124 1071 1191 Gothrio.

327 1213 394 1278 Gor.
458 1213 492 1279 Ο
516 1215 637 1277 tametsi
660 1213 764 1277 nullus
785 1236 920 1277 moneas.

324 1300 432 1366 Panto.
454 1299 545 1363 Tum
567 1302 592 1364 si
614 1315 648 1363 vt
669 1299 752 1364 soleo
775 1302 934 1363 historiam
956 1322 1116 1382 occepero,

456 1379 647 1452 vbi'fervere
668 1410 720 1450 me
742 1388 882 1450 oratione
903 1387 1023 1468 videris,

457 1475 555 1538 verbis
577 1475 626 1537 fac
650 1476 724 1537 meis
746 1473 849 1537 vultus
872 1474 1051 1557 respondeat
1073 1488 1155 1538 tuus.

327 1562 394 1627 Got.
1173 1575 1274 1624 teneo.

327 1648 433 1712 Panto.
458 1644 574 1711 Praesto
596 1663 742 1729 praeterea
763 1662 795 1710 te
817 1668 880 1711 esse
902 1668 1021 1730 semper
1042 1647 1123 1729 vo10,

457 1750 491 1797 vt
512 1736 536 1797 si
558 1735 675 1817 vspiam
697 1750 808 1797 nutem
830 1734 878 1797 vel
900 1736 1016 1797 nictem
1039 1735 1105 1816 tibi,

457 1836 491 1885 tu
505 1822 610 1884 statim
625 1820 756 1902 advoles‚
771 1836 804 1884 vt
819 1836 851 1885 te
866 1843 974 1884 omnes
988 1823 1210 1905 obsequentem
1225 1820 1359 1884 videant.
1400 1848 1431 1883 ro

330 1908 396 1974 Gor.
459 1907 495 1972 Id
516 1931 641 1993 quoque
663 1924 763 1971 teneo.

326 1996 433 2060 Panto.
739 2010 893 2078 postremo
907 1994 987 2076 volo,
1003 2010 1037 2058 vt
1051 2017 1090 2057 ex
1105 2018 1175 2058 meo
1190 2009 1271 2058 nutu
1286 1992 1429 2077 pendeas.

330 2082 396 2149 Gor.
460 2082 545 2147 Hem
568 2081 741 2166 pendeam?
774 2081 849 2146 illud
870 2104 968 2145 vnum
991 2081 1092 2146 hercle
1115 2104 1179 2145 non
1201 2097 1303 2146 teneo.

458 2185 492 2234 tu
514 2170 613 2253 pende
634 2170 725 2252 solus,
749 2193 813 2233 non
836 2168 935 2252 placet
957 2191 1050 2232 omen
1075 2170 1161 2234 mihi.

328 2258 434 2321 Panto.
458 2255 514 2342 Dij
540 2257 737 2338 immortales,
760 2256 891 2320 eruditio
913 2273 946 2318 vt
968 2257 1130 2340 ingenium
1151 2253 1256 2320 acuit!

459 2345 588 2407 verbum
611 2344 671 2407 hoc
694 2345 748 2406 tibi
772 2345 851 2406 forte
874 2343 995 2406 videtur
1017 2344 1157 2407 insolens.
1401 2369 1430 2420 ¹⁵

330 2430 398 2496 Gor.
461 2429 750 2495 Insolentissimum.
797 2452 871 2492 narn
894 2431 987 2492 nimis
1008 2430 1103 2493 elatos
1126 2429 1224 2492 reddit
1247 2430 1399 2492 homines.

329 2517 435 2583 Panto.
458 2516 636 2580 Verborum
659 2517 857 2600 proprietates
880 2538 944 2579 non
967 2517 1089 2598 novisti,
1111 2515 1243 2580 stolide?

459 2604 569 2668 vsitata
590 2621 634 2667 est
657 2603 802 2687 loquendi
825 2603 958 2667 formula
982 2604 1173 2686 Hippocrati.

459 2706 492 2754 vt
515 2712 640 2754 mecum
662 2692 702 2755 sis
722 2692 829 2754 animo
852 2707 883 2754 et
905 2713 1032 2773 corpore
1053 2690 1133 2754 volo.
1300 2690 1430 2775 [telligo.

330 2778 398 2844 Gor.
461 2776 546 2864 Ergo
560 2793 594 2840 vt
613 2792 716 2840 tecum
738 2780 843 2841 animo
863 2793 895 2841 et
909 2799 1036 2859 corpore
1051 2778 1201 2860 pendeam
1218 2778 1359 2860 postulas.
1384 2779 1433 2840 in-

330 2865 437 2929 Panto.
462 2864 495 2931 O
519 2864 678 2928 hominem
702 2864 874 2947 simplicem
896 2887 959 2948 prae
983 2865 1071 2927 nobis
1092 2861 1240 2928 eruditis!
1402 2894 1432 2930 αι

458 2952 530 3036 Jam
553 2973 611 3034 ego
633 2966 738 3014 tecum
762 2951 881 3034 planius
903 2951 1021 3035 loquar,
1044 2949 1190 3033 Gothrio,

460 3059 519 3101 nec
540 3053 608 3101 vtar
629 3037 771 3121 deinceps
792 3039 956 3102 verborum
978 3038 1147 3125 elegantijs.

333 3126 400 3191 Got.
464 3124 605 3191 Obsecro
628 3125 742 3204 hercle,
766 3127 848 3207 here,
871 3142 905 3189 vt
927 3126 1030 3205 facias,

461 3234 525 3275 non
548 3235 620 3276 amo
642 3214 696 3276 has
717 3212 845 3276 nodosas
867 3213 1042 3296 elegantias.

331 3299 437 3364 Panto.
460 3299 515 3364 Te
536 3298 642 3363 sedulo
665 3299 735 3362 volo
756 3300 834 3362 mihi
856 3322 968 3363 navare
989 3321 1124 3382 operam.

460 3384 633 3470 Intelligisl

334 3473 401 3539 Gor.
650 3472 798 3556 intelligo.
843 3471 907 3554 fiet,
930 3474 1012 3537 here.
