3359 4225
702 563 1052 643 HYMENAEUS
1167 570 1266 655 [Aer.
1283 588 1314 652 2,
1330 570 1379 635 Sc.
1396 577 1431 655 3·

612 807 781 881 ACTUS
809 830 844 880 a.
878 808 1064 920 vSCENA
1091 819 1139 901 3².

403 965 504 1055 Julia.
550 965 703 1029 Amerina.
748 965 952 1116 Paptomagqts.
1000 964 1131 1029 Gothrio.
1177 966 1353 1029 Fredericus.

818 1076 904 1116 eonor
924 1077 964 1116 us.

321 1184 404 1247 Amr.
455 1184 544 1257 Quid
556 1184 630 1247 illud
641 1201 696 1265 est,
706 1186 788 1266 bera,
800 1185 884 1269 quod
896 1185 951 1248 tibi
963 1199 1122 1267 tantopere
1137 1186 1312 1248 succensuit
1324 1183 1430 1267 pater?

453 1293 614 1355 nunquam
638 1295 695 1357 ego
718 1271 805 1334 illum
829 1273 871 1334 ita
893 1288 1088 1334 commotum
1111 1273 1252 1353 memini,

452 1360 527 1442 quin
550 1361 593 1422 sic
615 1359 725 1422 exarsit
748 1359 914 1439 iracundia,
937 1374 970 1421 vt
992 1360 1162 1422 minaretur
1184 1381 1307 1443 quoque
1330 1360 1418 1422 mihi.

323 1444 397 1534 Jul.
453 1446 585 1527 Aedipol
607 1448 630 1510 si
654 1447 729 1508 mihi
754 1446 880 1508 debetur
902 1444 988 1527 fides,
1010 1445 1087 1508 nihil
1110 1462 1166 1527 est,

360 1562 362 1566 ⁷
453 1533 510 1595 nisi
533 1533 616 1616 quod
639 1535 698 1596 hoc
721 1534 784 1615 ipso
808 1535 839 1594 in
863 1532 932 1595 loco

453 1618 684 1703 colloquentem
708 1643 757 1681 me
780 1620 856 1682 vidit
878 1642 950 1682 cum
979 1618 1138 1702 Erophilo.

321 1706 403 1770 Ame.
453 1704 617 1769 Paululum
641 1706 670 1768 id
693 1707 818 1790 quidem
842 1722 897 1787 est,
919 1707 971 1769 sed
994 1721 1024 1769 te
1048 1729 1174 1790 aequum
1197 1722 1253 1790 est,
1276 1709 1358 1790 hera,

452 1815 558 1856 cavere
580 1792 696 1872 sedulo,
720 1795 950 1877 nequicquam
974 1795 1074 1875 facias,

452 1881 535 1964 quod
558 1881 634 1962 patri
658 1903 722 1942 non
745 1881 921 1962 probabitur
943 1897 1007 1943 tuo.

321 1966 391 2119 ΞΜ.
455 1967 537 2031 Istoc
559 1984 593 2031 vt
616 1969 737 2048 faciam,
759 1968 855 2049 pietas
877 1990 927 2030 me
949 1969 1019 2031 satis
1041 1984 1158 2030 monet.

351 2070 428 2119 anto.
451 2055 539 2129 Quid
562 2054 646 2118 illam
670 2076 753 2118 cesso
775 2054 858 2117 adire
880 2070 911 2117 et
933 2053 1085 2118 salutare?

324 2144 390 2207 Got.
455 2143 552 2216 Quod
574 2143 629 2205 tibi
654 2141 736 2205 faelix
759 2143 957 2226 faustumque
979 2144 1027 2224 sit,
1049 2143 1147 2205 adeas.

321 2229 428 2293 Panto.
448 2229 580 2313 Sequere
603 2252 664 2291 me.
709 2252 812 2310 mane,
834 2230 974 2292 meditari
997 2230 1080 2311 prius
1101 2229 1246 2314 quiddam
1269 2231 1350 2294 volo.

452 2333 535 2379 totus
558 2338 663 2379 amore
684 2317 786 2397 ardeo,
809 2332 971 2400 postquam
994 2317 1074 2379 hanc
1096 2318 1217 2399 aspicio.

324 2405 390 2468 Got.
453 2404 504 2468 En
527 2426 639 2487 aquam
662 2426 733 2487 quae
757 2419 789 2465 tc
812 2405 990 2486 restinguat,
1014 2404 1095 2466 bono
1117 2405 1223 2467 animo
1245 2427 1286 2468 es.
1396 2434 1425 2483 15

452 2490 504 2554 sed
526 2496 571 2553 vis
594 2506 707 2572 potare,
731 2489 826 2553 here?
1198 2493 1319 2576 [Intrat
1334 2493 1423 2556 Fred.

323 2577 429 2641 Panto.
826 2599 881 2640 cur
905 2578 936 2639 id
960 2600 1011 2640 me
1035 2599 1130 2660 rogas,
1156 2577 1306 2660 pessime?

453 2687 545 2727 mene
569 2679 656 2747 putas
679 2666 778 2747 primo
800 2686 964 2747 congressu
987 2663 1138 2728 deficere?

323 2753 390 2816 Got.
454 2751 483 2814 Si
507 2751 647 2831 volueris,
670 2774 710 2813 en
733 2751 844 2814 cadum
868 2753 930 2813 vini
953 2752 1018 2814 tibi.

322 2839 429 2903 Panto.
450 2838 654 2903 Incommode
677 2837 788 2917 hercle,
813 2839 876 2900 imo
898 2860 971 2900 vero
994 2838 1177 2921 infaeliciter,

452 2948 525 2988 nam
548 2925 782 2988 meditationem
805 2947 907 2987 meam
931 2926 982 2988 hic
1005 2926 1161 3007 perturbat
1182 2927 1318 2991 stolidus.
1394 2959 1427 2995 ao

321 3015 389 3078 Fre.
450 3013 605 3093 Habesne,
628 3009 799 3091 Leonarde,
823 3011 888 3075 illas
910 3011 1036 3093 delitias,

450 3122 525 3183 quas
548 3100 623 3162 mihi
647 3121 759 3182 magna
781 3100 949 3183 conquisivi
973 3120 1046 3161 cura
1067 3098 1181 3162 hodie?

319 3190 385 3252 Leo.
450 3186 501 3250 En
524 3187 590 3268 tibi,
613 3187 696 3267 here,
718 3185 812 3249 salvas
834 3208 952 3249 omnes.

320 3277 387 3339 Fre.
452 3275 518 3337 Has
541 3296 598 3357 ego
619 3273 690 3336 volo
712 3272 796 3336 dono
818 3273 888 3336 dare
910 3272 1012 3358 Juliae.

319 3363 384 3426 Leo.
1032 3361 1110 3423 bene
1133 3361 1216 3423 facis.

321 3451 388 3514 Got.
451 3448 509 3513 Tu
532 3449 612 3530 prior
635 3469 704 3509 eam
727 3448 826 3528 adeas,
851 3470 890 3510 ne
912 3448 962 3510 hic
984 3463 1016 3510 te
1038 3462 1211 3529 praevortat.

319 3536 430 3601 Panto.
451 3535 520 3622 Ego
543 3535 571 3598 id
595 3550 668 3597 ante
691 3535 875 3621 cogitabam.
