3359 4225
283 518 366 582 Ac‘r.
387 538 414 600 1,
431 518 478 583 Sc.
501 520 548 605 3⁸]
665 511 1015 590 HYMENAEUS

416 727 538 791 nequeo
561 723 592 771 te
614 708 703 771 dictis
725 709 825 771 facere
848 722 1041 771 mansuetam
1064 706 1163 771 meis?

416 792 549 866 Quoties
572 808 603 858 te
625 796 709 858 vetui
733 796 813 858 foras
836 816 1007 877 erumpere,

414 896 468 943 aut
489 903 668 965 quenquam
690 881 874 964 compellare
896 881 992 944 solam
1014 896 1068 944 aut
1090 880 1247 964 colloqui?

347 1013 354 1029 .
415 966 517 1031 Modo
539 968 612 1049 huc,
635 970 678 1031 mi
702 985 795 1051 pater,
818 968 1012 1032 ambulatum
1034 970 1185 1048 venimus,

415 1075 473 1116 nec
496 1053 624 1117 latebras
642 1072 676 1117 vt
698 1055 792 1136 vides,
815 1078 873 1118 nec
895 1055 1024 1139 angulos
1044 1055 1223 1137 quaerimus.

366 1186 373 1202 .
416 1139 546 1222 Iintm,
570 1142 610 1204 ibi
634 1158 773 1205 mentem
795 1143 850 1205 tibi
873 1164 1000 1205 omnem
1023 1141 1148 1225 eloquar
1169 1163 1282 1204 meam.

416 1225 503 1300 Quid
526 1251 588 1291 esse
610 1229 686 1292 istoc
708 1228 820 1309 dicam,
844 1228 1001 1312 Erophile,
1024 1229 1152 1314 negotij,
1357 1256 1388 1292 ro

415 1328 449 1377 vt
471 1329 506 1377 tu
528 1337 601 1378 curn
624 1314 687 1378 sola
701 1315 790 1392 solus
810 1317 850 1379 sis
871 1338 991 1398 semper
1012 1314 1097 1378 filia?

415 1422 455 1463 an
478 1423 545 1465 mos
567 1417 613 1465 est
636 1403 677 1465 ita
698 1401 779 1485 apud
801 1424 855 1465 vos
876 1401 1029 1487 Venetijs‚

417 1487 539 1571 ignotus
560 1488 692 1551 alienam
715 1490 757 1552 sic
781 1504 814 1552 vt
837 1490 1013 1572 frequentet
1035 1487 1189 1552 domum?

416 1574 470 1636 An
492 1575 565 1657 quia
588 1576 637 1638 hae
661 1576 717 1639 tibi
740 1598 862 1658 semper
884 1592 990 1658 patent
1013 1577 1102 1657 fores,

419 1661 501 1724 aedes
522 1662 620 1725 credis
642 1684 735 1742 meas,
758 1664 872 1745 inepte,
895 1662 1055 1725 lenonias?
1361 1688 1390 1739 ¹5

349 1794 358 1811 .
418 1746 554 1832 Nequeo
575 1751 645 1812 satis
668 1750 749 1812 hanc
772 1750 972 1831 iracundiam,
994 1749 1166 1832 Alphonse,
1189 1749 1336 1828 mirarier,

416 1856 474 1898 nec
497 1857 560 1918 quo
582 1838 652 1899 haec
674 1852 796 1918 serpant
819 1836 947 1899 molesta
970 1838 1061 1899 verba
1082 1836 1180 1901 video.

367 1967 374 1983 .
417 1920 490 1985 Nec
512 1945 570 2008 ego
591 1938 678 1986 tuam
700 1924 834 1986 admiror
856 1924 928 1986 satis
948 1924 1118 2001 audaciam,

418 2030 476 2071 nec
499 2010 573 2092 quid
596 2011 646 2072 hic
668 2032 798 2092 quaeras,
821 2026 874 2073 aut
897 2011 972 2093 quid
994 2010 1098 2092 cupias
1120 2009 1268 2096 intelligo.

350 2142 357 2159 .
418 2094 528 2182 Egone
550 2096 623 2180 quid
645 2095 792 2180 cupiam?
821 2113 856 2161 vt
878 2115 910 2161 te
932 2096 1087 2180 placatum
1109 2096 1240 2178 videam,
1357 2126 1390 2162 20

416 2198 471 2246 aut
493 2205 597 2247 narres
617 2185 691 2267 quid
713 2186 763 2266 sit,
786 2186 869 2268 quod
892 2200 923 2248 te
946 2186 1099 2249 irritatum
1123 2183 1262 2248 reddidit.

367 2316 376 2334 .
418 2268 458 2334 ln
473 2270 580 2334 eadem
604 2272 675 2334 estis
695 2272 796 2335 edocti
820 2294 929 2335 omnes
951 2271 1065 2353 schola,

417 2356 499 2420 surdi
522 2359 593 2421 estis
614 2359 653 2420 ad
676 2375 800 2440 peccata
820 2380 940 2441 semper
963 2360 1103 2442 propria·

418 2442 497 2508 Non
509 2466 567 2530 ego
578 2460 608 2508 te
624 2446 688 2507 heri
704 2444 765 2508 vidi
781 2469 855 2510 cum
867 2445 919 2508 illa
930 2447 962 2508 in
974 2446 1096 2509 secretis
1107 2443 1222 2508 aedium
1235 2444 1390 2527 partibus?

420 2552 484 2593 non
508 2552 559 2594 me
582 2548 734 2614 praesente
755 2553 837 2615 saepe
860 2534 987 2595 nutibus
1009 2530 1195 2614 loquimini?
1358 2558 1390 2610 ²5

418 2639 458 2680 an
481 2617 572 2681 toties
593 2634 692 2681 vestra
713 2619 899 2701 deprehendi
921 2620 1057 2700 suspiria,

420 2718 452 2768 vt
475 2726 533 2788 ego
554 2703 629 2787 lapis
652 2706 776 2768 interim
799 2706 877 2768 nihil
899 2704 1056 2788 suspicer?

420 2789 465 2867 At
486 2807 522 2854 tu
544 2813 596 2855 me
618 2791 751 2855 fortassis
771 2793 905 2875 opinaris
925 2792 1125 2873 silicernium,

419 2891 451 2940 et
472 2879 539 2941 visu
561 2878 672 2961 pariter
694 2895 725 2940 et
747 2880 853 2942 animo
875 2879 1029 2942 hebetem.

420 2963 521 3046 Erras,
543 2964 702 3047 Erophile,
724 2988 789 3028 non
812 2982 899 3048 potes
920 2988 1026 3029 senem
1050 2965 1162 3048 fallere,
1360 2997 1393 3047 30

420 3072 544 3115 morum
567 3052 710 3136 magistra
733 3068 808 3116 aetas
831 3055 959 3116 istorum
982 3054 1052 3134 fuit,

419 3154 562 3220 expertus
584 3138 635 3200 vix
658 3139 780 3203 dedisco
802 3139 886 3223 quod
908 3138 999 3202 didici
1022 3141 1085 3204 diu.

420 3223 489 3306 Sed,
512 3240 545 3288 vt
566 3227 658 3288 verba
680 3226 717 3288 ad
740 3225 961 3309 compendium
983 3228 1153 3308 conferam,

419 3325 525 3374 natam
548 3334 606 3396 ego
628 3335 730 3376 meam
754 3314 797 3376 ita
819 3312 922 3399 diligo,

419 3413 454 3461 vt
476 3413 594 3480 patrem
618 3421 744 3482 aequum
768 3415 814 3462 est
836 3399 977 3464 sedulum
1000 3414 1031 3463 et
1054 3400 1199 3464 sobrium.
1362 3430 1393 3482 ³5

419 3484 478 3549 Tu
500 3486 568 3568 quis
590 3486 629 3549 sis
650 3502 702 3549 aut
724 3487 815 3568 vnde,
838 3508 902 3549 non
926 3509 984 3570 ego
1006 3488 1083 3550 satio
1106 3488 1178 3550 scio.
