<?xml version="1.0" encoding="UTF-8"?>
<!DOCTYPE html PUBLIC "-//W3C//DTD XHTML 1.0 Transitional//EN"
    "http://www.w3.org/TR/xhtml1/DTD/xhtml1-transitional.dtd">
<html xmlns="http://www.w3.org/1999/xhtml" xml:lang="en" lang="en">
 <head>
  <title>
</title>
<meta http-equiv="Content-Type" content="text/html;charset=utf-8" />
  <meta name='ocr-system' content='tesseract 3.04.00' />
  <meta name='ocr-capabilities' content='ocr_page ocr_carea ocr_par ocr_line ocrx_word'/>
</head>
<body>
  <div class='ocr_page' id='page_1' title='image "./hymenusacomedya01smitgoog_0059.png"; bbox 0 0 3359 4225; ppageno 0'>
   <div class='ocr_carea' id='block_1_1' title="bbox 255 528 1359 633">
    <p class='ocr_par' dir='ltr' id='par_1_1' title="bbox 255 528 1359 633">
     <span class='ocr_line' id='line_1_1' title="bbox 255 528 1359 633; baseline 0.008 -35"><span class='ocrx_word' id='word_1_1' title='bbox 255 534 514 621; x_wconf 46' lang='lat' dir='ltr'>noussen]</span> <span class='ocrx_word' id='word_1_2' title='bbox 631 528 981 607; x_wconf 81' lang='lat' dir='ltr'>HYMENAEUS</span> <span class='ocrx_word' id='word_1_3' title='bbox 1310 553 1359 633; x_wconf 78' lang='lat'>33</span> 
     </span>
    </p>
   </div>
   <div class='ocr_carea' id='block_1_2' title="bbox 385 721 1319 874">
    <p class='ocr_par' dir='ltr' id='par_1_2' title="bbox 385 721 1319 874">
     <span class='ocr_line' id='line_1_2' title="bbox 385 721 1319 806; baseline -0.001 -21"><span class='ocrx_word' id='word_1_4' title='bbox 385 744 458 786; x_wconf 90' lang='lat' dir='ltr'>ecce</span> <span class='ocrx_word' id='word_1_5' title='bbox 471 738 505 785; x_wconf 91' lang='lat' dir='ltr'>vt</span> <span class='ocrx_word' id='word_1_6' title='bbox 521 721 609 787; x_wconf 87' lang='lat' dir='ltr'>Mars</span> <span class='ocrx_word' id='word_1_7' title='bbox 623 724 766 806; x_wconf 87' lang='lat' dir='ltr'>praebibit</span> <span class='ocrx_word' id='word_1_8' title='bbox 779 723 907 805; x_wconf 87' lang='lat' dir='ltr'>Veneri,</span> <span class='ocrx_word' id='word_1_9' title='bbox 923 725 954 788; x_wconf 94' lang='lat' dir='ltr'>id</span> <span class='ocrx_word' id='word_1_10' title='bbox 968 723 1114 789; x_wconf 79' lang='lat' dir='ltr'>Vulcano</span> <span class='ocrx_word' id='word_1_11' title='bbox 1128 745 1193 787; x_wconf 91' lang='lat' dir='ltr'>non</span> <span class='ocrx_word' id='word_1_12' title='bbox 1208 722 1319 806; x_wconf 88' lang='lat' dir='ltr'>placet,</span> 
     </span>
     <span class='ocr_line' id='line_1_3' title="bbox 385 809 853 874; baseline 0.009 -4"><span class='ocrx_word' id='word_1_13' title='bbox 385 809 454 872; x_wconf 91' lang='lat' dir='ltr'>vide</span> <span class='ocrx_word' id='word_1_14' title='bbox 475 825 509 873; x_wconf 91' lang='lat' dir='ltr'>vt</span> <span class='ocrx_word' id='word_1_15' title='bbox 531 811 666 874; x_wconf 90' lang='lat' dir='ltr'>frontem</span> <span class='ocrx_word' id='word_1_16' title='bbox 689 812 853 874; x_wconf 86' lang='lat' dir='ltr'>contrahit.</span> 
     </span>
    </p>
   </div>
   <div class='ocr_carea' id='block_1_3' title="bbox 314 893 1157 979">
    <p class='ocr_par' dir='ltr' id='par_1_3' title="bbox 314 893 1157 979">
     <span class='ocr_line' id='line_1_4' title="bbox 314 893 1157 979; baseline 0.001 -20"><span class='ocrx_word' id='word_1_17' title='bbox 314 941 323 959; x_wconf 87' lang='lat'><strong>.</strong></span> <span class='ocrx_word' id='word_1_18' title='bbox 384 893 557 960; x_wconf 87' lang='lat' dir='ltr'>Daemones</span> <span class='ocrx_word' id='word_1_19' title='bbox 579 899 673 979; x_wconf 83' lang='lat' dir='ltr'>hunc,</span> <span class='ocrx_word' id='word_1_20' title='bbox 696 920 760 960; x_wconf 92' lang='lat' dir='ltr'>non</span> <span class='ocrx_word' id='word_1_21' title='bbox 785 900 866 978; x_wconf 87' lang='lat' dir='ltr'>deos,</span> <span class='ocrx_word' id='word_1_22' title='bbox 888 898 996 963; x_wconf 84' lang='lat' dir='ltr'>vidisse</span> <span class='ocrx_word' id='word_1_23' title='bbox 1017 913 1157 962; x_wconf 85' lang='lat' dir='ltr'><strong>autumo.</strong></span> 
     </span>
    </p>
   </div>
   <div class='ocr_carea' id='block_1_4' title="bbox 384 983 1035 1067">
    <p class='ocr_par' dir='ltr' id='par_1_4' title="bbox 384 983 1035 1067">
     <span class='ocr_line' id='line_1_5' title="bbox 384 983 1035 1067; baseline 0.002 -21"><span class='ocrx_word' id='word_1_24' title='bbox 384 983 436 1046; x_wconf 89' lang='lat' dir='ltr'>sed</span> <span class='ocrx_word' id='word_1_25' title='bbox 458 984 599 1067; x_wconf 89' lang='lat' dir='ltr'>nunquid</span> <span class='ocrx_word' id='word_1_26' title='bbox 622 985 671 1047; x_wconf 93' lang='lat' dir='ltr'>hic</span> <span class='ocrx_word' id='word_1_27' title='bbox 694 986 827 1064; x_wconf 85' lang='lat' dir='ltr'>cubabis,</span> <span class='ocrx_word' id='word_1_28' title='bbox 851 984 1035 1049; x_wconf 88' lang='lat' dir='ltr'>Frederice?</span> 
     </span>
    </p>
   </div>
   <div class='ocr_carea' id='block_1_5' title="bbox 311 1068 1362 1415">
    <p class='ocr_par' dir='ltr' id='par_1_5' title="bbox 314 1068 1362 1242">
     <span class='ocr_line' id='line_1_6' title="bbox 314 1068 1362 1143; baseline 0.003 -10"><span class='ocrx_word' id='word_1_29' title='bbox 314 1114 323 1133; x_wconf 84' lang='lat'><strong>.</strong></span> <span class='ocrx_word' id='word_1_30' title='bbox 383 1068 470 1143; x_wconf 87' lang='lat' dir='ltr'><strong>Quid</strong></span> <span class='ocrx_word' id='word_1_31' title='bbox 492 1071 530 1134; x_wconf 89' lang='lat' dir='ltr'>ad</span> <span class='ocrx_word' id='word_1_32' title='bbox 553 1070 607 1135; x_wconf 83' lang='lat' dir='ltr'>te?</span> <span class='ocrx_word' id='word_1_33' title='bbox 635 1072 658 1135; x_wconf 88' lang='lat' dir='ltr'>si</span> <span class='ocrx_word' id='word_1_34' title='bbox 682 1071 805 1135; x_wconf 91' lang='lat' dir='ltr'>libitum</span> <span class='ocrx_word' id='word_1_35' title='bbox 827 1088 873 1135; x_wconf 92' lang='lat' dir='ltr'>est</span> <span class='ocrx_word' id='word_1_36' title='bbox 895 1071 975 1135; x_wconf 84' lang='lat' dir='ltr'>volo.</span> <span class='ocrx_word' id='word_1_37' title='bbox 1329 1100 1362 1136; x_wconf 80' lang='lat'>20</span> 
     </span>
     <span class='ocr_line' id='line_1_7' title="bbox 315 1155 1160 1242; baseline 0.004 -23"><span class='ocrx_word' id='word_1_38' title='bbox 315 1202 323 1219; x_wconf 88' lang='lat'><strong>.</strong></span> <span class='ocrx_word' id='word_1_39' title='bbox 384 1155 466 1221; x_wconf 90' lang='lat' dir='ltr'>Vide</span> <span class='ocrx_word' id='word_1_40' title='bbox 487 1172 521 1221; x_wconf 90' lang='lat' dir='ltr'>vt</span> <span class='ocrx_word' id='word_1_41' title='bbox 544 1158 718 1240; x_wconf 87' lang='lat' dir='ltr'>procumbit</span> <span class='ocrx_word' id='word_1_42' title='bbox 740 1158 827 1221; x_wconf 93' lang='lat' dir='ltr'>humi</span> <span class='ocrx_word' id='word_1_43' title='bbox 851 1160 915 1238; x_wconf 91' lang='lat' dir='ltr'>bos,</span> <span class='ocrx_word' id='word_1_44' title='bbox 937 1180 1027 1242; x_wconf 87' lang='lat' dir='ltr'>surge</span> <span class='ocrx_word' id='word_1_45' title='bbox 1050 1156 1160 1223; x_wconf 78' lang='lat' dir='ltr'><strong>bellua.</strong></span> 
     </span>
    </p>

    <p class='ocr_par' dir='ltr' id='par_1_6' title="bbox 311 1243 1358 1415">
     <span class='ocr_line' id='line_1_8' title="bbox 314 1243 1333 1328; baseline 0 -21"><span class='ocrx_word' id='word_1_46' title='bbox 314 1290 322 1307; x_wconf 90' lang='lat'><strong>.</strong></span> <span class='ocrx_word' id='word_1_47' title='bbox 383 1243 436 1308; x_wconf 88' lang='lat' dir='ltr'>Da</span> <span class='ocrx_word' id='word_1_48' title='bbox 457 1244 534 1307; x_wconf 90' lang='lat' dir='ltr'>mihi</span> <span class='ocrx_word' id='word_1_49' title='bbox 557 1244 707 1327; x_wconf 86' lang='lat' dir='ltr'>paulisper</span> <span class='ocrx_word' id='word_1_50' title='bbox 728 1246 862 1327; x_wconf 86' lang='lat' dir='ltr'>veniam,</span> <span class='ocrx_word' id='word_1_51' title='bbox 884 1246 980 1309; x_wconf 89' lang='lat' dir='ltr'>etiam</span> <span class='ocrx_word' id='word_1_52' title='bbox 1002 1246 1053 1309; x_wconf 90' lang='lat' dir='ltr'>hic</span> <span class='ocrx_word' id='word_1_53' title='bbox 1075 1244 1146 1308; x_wconf 91' lang='lat' dir='ltr'>volo</span> <span class='ocrx_word' id='word_1_54' title='bbox 1167 1244 1333 1328; x_wconf 77' lang='lat' dir='ltr'>quiescere.</span> 
     </span>
     <span class='ocr_line' id='line_1_9' title="bbox 311 1329 1358 1415; baseline 0.001 -22"><span class='ocrx_word' id='word_1_55' title='bbox 311 1376 319 1393; x_wconf 90' lang='lat'><strong>.</strong></span> <span class='ocrx_word' id='word_1_56' title='bbox 382 1329 454 1395; x_wconf 88' lang='lat' dir='ltr'>Sine</span> <span class='ocrx_word' id='word_1_57' title='bbox 476 1331 612 1414; x_wconf 86' lang='lat' dir='ltr'>quiescat</span> <span class='ocrx_word' id='word_1_58' title='bbox 633 1354 728 1415; x_wconf 90' lang='lat' dir='ltr'>vsque</span> <span class='ocrx_word' id='word_1_59' title='bbox 750 1333 782 1394; x_wconf 94' lang='lat' dir='ltr'>in</span> <span class='ocrx_word' id='word_1_60' title='bbox 805 1333 985 1395; x_wconf 87' lang='lat' dir='ltr'>crastinum.</span> <span class='ocrx_word' id='word_1_61' title='bbox 1061 1331 1193 1415; x_wconf 78' lang='lat' dir='ltr'>[Exeunt</span> <span class='ocrx_word' id='word_1_62' title='bbox 1202 1331 1358 1413; x_wconf 81' lang='lat' dir='ltr'>personati.</span> 
     </span>
    </p>
   </div>
   <div class='ocr_carea' id='block_1_6' title="bbox 385 1417 1099 1502">
    <p class='ocr_par' dir='ltr' id='par_1_7' title="bbox 385 1417 1099 1502">
     <span class='ocr_line' id='line_1_10' title="bbox 385 1417 1099 1502; baseline -0.001 -20"><span class='ocrx_word' id='word_1_63' title='bbox 385 1417 443 1483; x_wconf 86' lang='lat' dir='ltr'>Sed</span> <span class='ocrx_word' id='word_1_64' title='bbox 464 1419 533 1502; x_wconf 93' lang='lat' dir='ltr'>quis</span> <span class='ocrx_word' id='word_1_65' title='bbox 554 1419 605 1482; x_wconf 90' lang='lat' dir='ltr'>hic</span> <span class='ocrx_word' id='word_1_66' title='bbox 627 1418 766 1482; x_wconf 89' lang='lat' dir='ltr'>sonitus?</span> <span class='ocrx_word' id='word_1_67' title='bbox 798 1420 950 1501; x_wconf 88' lang='lat' dir='ltr'>personati</span> <span class='ocrx_word' id='word_1_68' title='bbox 973 1434 1099 1483; x_wconf 89' lang='lat' dir='ltr'>exeunt.</span> 
     </span>
    </p>
   </div>
   <div class='ocr_carea' id='block_1_7' title="bbox 268 1505 1359 1677">
    <p class='ocr_par' dir='ltr' id='par_1_8' title="bbox 268 1505 1359 1677">
     <span class='ocr_line' id='line_1_11' title="bbox 268 1505 1359 1588; baseline 0.002 -22"><span class='ocrx_word' id='word_1_69' title='bbox 268 1569 271 1574; x_wconf 79' lang='grc'>,</span> <span class='ocrx_word' id='word_1_70' title='bbox 385 1526 443 1588; x_wconf 86' lang='lat' dir='ltr'>ego</span> <span class='ocrx_word' id='word_1_71' title='bbox 466 1527 517 1569; x_wconf 91' lang='lat' dir='ltr'>me</span> <span class='ocrx_word' id='word_1_72' title='bbox 538 1506 612 1569; x_wconf 92' lang='lat' dir='ltr'>hinc</span> <span class='ocrx_word' id='word_1_73' title='bbox 633 1505 802 1569; x_wconf 89' lang='lat' dir='ltr'>subducam</span> <span class='ocrx_word' id='word_1_74' title='bbox 825 1506 943 1569; x_wconf 88' lang='lat' dir='ltr'>callide.</span> <span class='ocrx_word' id='word_1_75' title='bbox 1327 1533 1359 1583; x_wconf 77' lang='lat'>²5</span> 
     </span>
     <span class='ocr_line' id='line_1_12' title="bbox 314 1590 1180 1677; baseline 0.001 -23"><span class='ocrx_word' id='word_1_76' title='bbox 314 1636 322 1654; x_wconf 84' lang='lat'><em>.</em></span> <span class='ocrx_word' id='word_1_77' title='bbox 383 1590 494 1665; x_wconf 80' lang='lat' dir='ltr'>Quid?</span> <span class='ocrx_word' id='word_1_78' title='bbox 524 1591 704 1656; x_wconf 89' lang='lat' dir='ltr'>Leonardus</span> <span class='ocrx_word' id='word_1_79' title='bbox 726 1614 864 1676; x_wconf 87' lang='lat' dir='ltr'>quonam</span> <span class='ocrx_word' id='word_1_80' title='bbox 886 1593 1007 1677; x_wconf 82' lang='lat' dir='ltr'>aufugit</span> <span class='ocrx_word' id='word_1_81' title='bbox 1029 1591 1180 1658; x_wconf 85' lang='lat' dir='ltr'>obsecro?</span> 
     </span>
    </p>
   </div>
   <div class='ocr_carea' id='block_1_8' title="bbox 256 2534 323 2600">
    <p class='ocr_par' dir='ltr' id='par_1_9' title="bbox 256 2534 323 2600">
     <span class='ocr_line' id='line_1_13' title="bbox 256 2534 323 2600; baseline -0.015 0"><span class='ocrx_word' id='word_1_82' title='bbox 256 2534 323 2600; x_wconf 69' lang='lat' dir='ltr'>Gor.</span> 
     </span>
    </p>
   </div>
   <div class='ocr_carea' id='block_1_9' title="bbox 253 2708 361 2778">
    <p class='ocr_par' dir='ltr' id='par_1_10' title="bbox 253 2708 361 2778">
     <span class='ocr_line' id='line_1_14' title="bbox 253 2708 361 2778; baseline 0.028 -6"><span class='ocrx_word' id='word_1_83' title='bbox 253 2708 361 2778; x_wconf 78' lang='lat' dir='ltr'>Panto.</span> 
     </span>
    </p>
   </div>
   <div class='ocr_carea' id='block_1_10' title="bbox 253 3056 361 3209">
    <p class='ocr_par' dir='ltr' id='par_1_11' title="bbox 253 3056 361 3209">
     <span class='ocr_line' id='line_1_15' title="bbox 256 3056 323 3122; baseline -0.015 0"><span class='ocrx_word' id='word_1_84' title='bbox 256 3056 323 3122; x_wconf 80' lang='lat' dir='ltr'>Gor.</span> 
     </span>
     <span class='ocr_line' id='line_1_16' title="bbox 253 3143 361 3209; baseline 0 -1"><span class='ocrx_word' id='word_1_85' title='bbox 253 3143 361 3209; x_wconf 78' lang='lat' dir='ltr'>Panto.</span> 
     </span>
    </p>
   </div>
   <div class='ocr_carea' id='block_1_11' title="bbox 385 1678 904 1762">
    <p class='ocr_par' dir='ltr' id='par_1_12' title="bbox 385 1678 904 1762">
     <span class='ocr_line' id='line_1_17' title="bbox 385 1678 904 1762; baseline 0.006 -22"><span class='ocrx_word' id='word_1_86' title='bbox 385 1678 449 1741; x_wconf 92' lang='lat' dir='ltr'>heri</span> <span class='ocrx_word' id='word_1_87' title='bbox 472 1679 556 1743; x_wconf 89' lang='lat' dir='ltr'>hunc</span> <span class='ocrx_word' id='word_1_88' title='bbox 578 1680 670 1744; x_wconf 87' lang='lat' dir='ltr'>credo</span> <span class='ocrx_word' id='word_1_89' title='bbox 691 1680 825 1762; x_wconf 89' lang='lat' dir='ltr'>pudebat</span> <span class='ocrx_word' id='word_1_90' title='bbox 847 1681 904 1744; x_wconf 85' lang='lat' dir='ltr'>sui.</span> 
     </span>
    </p>
   </div>
   <div class='ocr_carea' id='block_1_12' title="bbox 543 1840 1069 1935">
    <p class='ocr_par' dir='ltr' id='par_1_13' title="bbox 543 1840 1069 1935">
     <span class='ocr_line' id='line_1_18' title="bbox 543 1840 1069 1935; baseline 0.006 -25"><span class='ocrx_word' id='word_1_91' title='bbox 543 1840 712 1913; x_wconf 68' lang='lat' dir='ltr'>Actus</span> <span class='ocrx_word' id='word_1_92' title='bbox 740 1864 774 1935; x_wconf 80' lang='lat'>3.</span> <span class='ocrx_word' id='word_1_93' title='bbox 828 1841 995 1915; x_wconf 78' lang='lat' dir='ltr'>scENA</span> <span class='ocrx_word' id='word_1_94' title='bbox 1022 1855 1069 1935; x_wconf 69' lang='lat'>32.</span> 
     </span>
    </p>
   </div>
   <div class='ocr_carea' id='block_1_13' title="bbox 500 1979 1191 2133">
    <p class='ocr_par' dir='ltr' id='par_1_14' title="bbox 500 1979 1191 2133">
     <span class='ocr_line' id='line_1_19' title="bbox 500 1979 1191 2065; baseline 0.004 -22"><span class='ocrx_word' id='word_1_95' title='bbox 500 1979 704 2064; x_wconf 83' lang='lat' dir='ltr'>Pantomagus.</span> <span class='ocrx_word' id='word_1_96' title='bbox 749 1982 882 2047; x_wconf 81' lang='lat' dir='ltr'>Gothrio.</span> <span class='ocrx_word' id='word_1_97' title='bbox 927 1982 1105 2046; x_wconf 80' lang='lat' dir='ltr'>Fredericus.</span> <span class='ocrx_word' id='word_1_98' title='bbox 1188 2059 1191 2065; x_wconf 92' lang='lat'><em>.</em></span> 
     </span>
     <span class='ocr_line' id='line_1_20' title="bbox 715 2069 892 2133; baseline 0 0"><span class='ocrx_word' id='word_1_99' title='bbox 715 2069 892 2133; x_wconf 86' lang='lat' dir='ltr'>Leonardus.</span> 
     </span>
    </p>
   </div>
   <div class='ocr_carea' id='block_1_14' title="bbox 382 2185 1279 3576">
    <p class='ocr_par' dir='ltr' id='par_1_15' title="bbox 383 2185 1279 2447">
     <span class='ocr_line' id='line_1_21' title="bbox 385 2185 1279 2275; baseline 0.001 -24"><span class='ocrx_word' id='word_1_100' title='bbox 385 2188 482 2252; x_wconf 89' lang='lat' dir='ltr'>Nunc</span> <span class='ocrx_word' id='word_1_101' title='bbox 504 2205 559 2271; x_wconf 83' lang='lat' dir='ltr'>est,</span> <span class='ocrx_word' id='word_1_102' title='bbox 581 2191 631 2252; x_wconf 95' lang='lat' dir='ltr'>vbi</span> <span class='ocrx_word' id='word_1_103' title='bbox 655 2207 686 2253; x_wconf 89' lang='lat' dir='ltr'>et</span> <span class='ocrx_word' id='word_1_104' title='bbox 708 2190 781 2275; x_wconf 91' lang='lat' dir='ltr'>quid</span> <span class='ocrx_word' id='word_1_105' title='bbox 805 2192 917 2273; x_wconf 89' lang='lat' dir='ltr'>possim</span> <span class='ocrx_word' id='word_1_106' title='bbox 939 2189 1109 2270; x_wconf 88' lang='lat' dir='ltr'>ostendam,</span> <span class='ocrx_word' id='word_1_107' title='bbox 1133 2185 1279 2273; x_wconf 86' lang='lat' dir='ltr'>Gothrio,</span> 
     </span>
     <span class='ocr_line' id='line_1_22' title="bbox 384 2277 1148 2360; baseline 0.003 -22"><span class='ocrx_word' id='word_1_108' title='bbox 384 2277 513 2338; x_wconf 92' lang='lat' dir='ltr'>etmihi</span> <span class='ocrx_word' id='word_1_109' title='bbox 536 2280 720 2360; x_wconf 85' lang='lat' dir='ltr'>sempiterne</span> <span class='ocrx_word' id='word_1_110' title='bbox 743 2278 942 2360; x_wconf 90' lang='lat' dir='ltr'>Alphonsum</span> <span class='ocrx_word' id='word_1_111' title='bbox 965 2277 1148 2341; x_wconf 88' lang='lat' dir='ltr'>devinciam.</span> 
     </span>
     <span class='ocr_line' id='line_1_23' title="bbox 383 2363 1025 2447; baseline 0.003 -22"><span class='ocrx_word' id='word_1_112' title='bbox 383 2363 467 2447; x_wconf 92' lang='lat' dir='ltr'>quod</span> <span class='ocrx_word' id='word_1_113' title='bbox 488 2363 511 2427; x_wconf 88' lang='lat' dir='ltr'>si</span> <span class='ocrx_word' id='word_1_114' title='bbox 535 2364 624 2446; x_wconf 80' lang='lat' dir='ltr'>facio,</span> <span class='ocrx_word' id='word_1_115' title='bbox 647 2380 680 2427; x_wconf 95' lang='lat' dir='ltr'>vt</span> <span class='ocrx_word' id='word_1_116' title='bbox 702 2386 753 2428; x_wconf 90' lang='lat' dir='ltr'>me</span> <span class='ocrx_word' id='word_1_117' title='bbox 775 2366 931 2429; x_wconf 86' lang='lat' dir='ltr'>factumm</span> <span class='ocrx_word' id='word_1_118' title='bbox 952 2366 1025 2445; x_wconf 87' lang='lat' dir='ltr'>scio,</span> 
     </span>
    </p>

    <p class='ocr_par' dir='ltr' id='par_1_16' title="bbox 384 2450 1046 2535">
     <span class='ocr_line' id='line_1_24' title="bbox 384 2450 1046 2535; baseline 0.003 -23"><span class='ocrx_word' id='word_1_119' title='bbox 384 2450 483 2513; x_wconf 89' lang='lat' dir='ltr'>aditus</span> <span class='ocrx_word' id='word_1_120' title='bbox 504 2452 581 2514; x_wconf 89' lang='lat' dir='ltr'>mihi</span> <span class='ocrx_word' id='word_1_121' title='bbox 604 2451 700 2514; x_wconf 86' lang='lat' dir='ltr'>facilis</span> <span class='ocrx_word' id='word_1_122' title='bbox 722 2453 837 2534; x_wconf 88' lang='lat' dir='ltr'>patebit</span> <span class='ocrx_word' id='word_1_123' title='bbox 859 2452 897 2515; x_wconf 86' lang='lat' dir='ltr'>ad</span> <span class='ocrx_word' id='word_1_124' title='bbox 918 2451 1046 2535; x_wconf 88' lang='lat' dir='ltr'>Juliam.</span> 
     </span>
    </p>

    <p class='ocr_par' dir='ltr' id='par_1_17' title="bbox 386 2536 1035 2619">
     <span class='ocr_line' id='line_1_25' title="bbox 386 2536 1035 2619; baseline 0 -20"><span class='ocrx_word' id='word_1_125' title='bbox 386 2536 482 2618; x_wconf 84' lang='lat' dir='ltr'>Quae,</span> <span class='ocrx_word' id='word_1_126' title='bbox 505 2539 587 2619; x_wconf 89' lang='lat' dir='ltr'>here,</span> <span class='ocrx_word' id='word_1_127' title='bbox 609 2552 677 2601; x_wconf 85' lang='lat' dir='ltr'>orta</span> <span class='ocrx_word' id='word_1_128' title='bbox 699 2553 762 2601; x_wconf 85' lang='lat' dir='ltr'>tam</span> <span class='ocrx_word' id='word_1_129' title='bbox 785 2540 886 2602; x_wconf 86' lang='lat' dir='ltr'>subita</span> <span class='ocrx_word' id='word_1_130' title='bbox 907 2539 1035 2619; x_wconf 88' lang='lat' dir='ltr'>occasio,</span> 
     </span>
    </p>

    <p class='ocr_par' dir='ltr' id='par_1_18' title="bbox 383 2623 962 2688">
     <span class='ocr_line' id='line_1_26' title="bbox 383 2623 962 2688; baseline 0.003 -2"><span class='ocrx_word' id='word_1_131' title='bbox 383 2637 417 2686; x_wconf 89' lang='lat' dir='ltr'>vt</span> <span class='ocrx_word' id='word_1_132' title='bbox 439 2639 475 2687; x_wconf 92' lang='lat' dir='ltr'>tu</span> <span class='ocrx_word' id='word_1_133' title='bbox 497 2626 547 2688; x_wconf 91' lang='lat' dir='ltr'>hic</span> <span class='ocrx_word' id='word_1_134' title='bbox 569 2639 666 2687; x_wconf 88' lang='lat' dir='ltr'>artem</span> <span class='ocrx_word' id='word_1_135' title='bbox 688 2625 829 2688; x_wconf 82' lang='lat' dir='ltr'>ostendas</span> <span class='ocrx_word' id='word_1_136' title='bbox 851 2623 962 2688; x_wconf 84' lang='lat' dir='ltr'>tuam?</span> 
     </span>
    </p>

    <p class='ocr_par' dir='ltr' id='par_1_19' title="bbox 383 2710 1139 2883">
     <span class='ocr_line' id='line_1_27' title="bbox 384 2710 1139 2794; baseline -0.001 -20"><span class='ocrx_word' id='word_1_137' title='bbox 384 2710 582 2794; x_wconf 91' lang='lat' dir='ltr'>Alphonsum</span> <span class='ocrx_word' id='word_1_138' title='bbox 604 2734 702 2794; x_wconf 89' lang='lat' dir='ltr'>nuper</span> <span class='ocrx_word' id='word_1_139' title='bbox 724 2727 811 2776; x_wconf 91' lang='lat' dir='ltr'>vetus</span> <span class='ocrx_word' id='word_1_140' title='bbox 832 2713 959 2775; x_wconf 90' lang='lat' dir='ltr'>morbus</span> <span class='ocrx_word' id='word_1_141' title='bbox 981 2711 1139 2793; x_wconf 81' lang='lat' dir='ltr'>corripuit,</span> 
     </span>
     <span class='ocr_line' id='line_1_28' title="bbox 383 2797 1051 2883; baseline 0 -23"><span class='ocrx_word' id='word_1_142' title='bbox 383 2799 444 2860; x_wconf 89' lang='lat' dir='ltr'>iam</span> <span class='ocrx_word' id='word_1_143' title='bbox 467 2815 500 2862; x_wconf 94' lang='lat' dir='ltr'>vt</span> <span class='ocrx_word' id='word_1_144' title='bbox 521 2798 608 2879; x_wconf 82' lang='lat' dir='ltr'>solet,</span> <span class='ocrx_word' id='word_1_145' title='bbox 630 2801 762 2883; x_wconf 86' lang='lat' dir='ltr'>graviter</span> <span class='ocrx_word' id='word_1_146' title='bbox 784 2798 900 2862; x_wconf 85' lang='lat' dir='ltr'>laborat</span> <span class='ocrx_word' id='word_1_147' title='bbox 923 2797 1051 2879; x_wconf 88' lang='lat' dir='ltr'>calculo,</span> 
     </span>
    </p>

    <p class='ocr_par' dir='ltr' id='par_1_20' title="bbox 383 2884 1142 3055">
     <span class='ocr_line' id='line_1_29' title="bbox 383 2884 1142 2970; baseline 0 -23"><span class='ocrx_word' id='word_1_148' title='bbox 383 2901 415 2948; x_wconf 91' lang='lat' dir='ltr'>et</span> <span class='ocrx_word' id='word_1_149' title='bbox 437 2886 700 2968; x_wconf 90' lang='lat' dir='ltr'>compendiarium</span> <span class='ocrx_word' id='word_1_150' title='bbox 722 2907 785 2970; x_wconf 91' lang='lat' dir='ltr'>quo</span> <span class='ocrx_word' id='word_1_151' title='bbox 807 2887 937 2968; x_wconf 88' lang='lat' dir='ltr'>reperiat</span> <span class='ocrx_word' id='word_1_152' title='bbox 959 2884 1142 2966; x_wconf 90' lang='lat' dir='ltr'>remedium,</span> 
     </span>
     <span class='ocr_line' id='line_1_30' title="bbox 384 2972 974 3055; baseline 0.003 -22"><span class='ocrx_word' id='word_1_153' title='bbox 384 2993 435 3034; x_wconf 93' lang='lat' dir='ltr'>me</span> <span class='ocrx_word' id='word_1_154' title='bbox 456 2972 656 3055; x_wconf 88' lang='lat' dir='ltr'>persuadente</span> <span class='ocrx_word' id='word_1_155' title='bbox 677 2995 740 3036; x_wconf 88' lang='lat' dir='ltr'>sese</span> <span class='ocrx_word' id='word_1_156' title='bbox 762 2974 856 3036; x_wconf 89' lang='lat' dir='ltr'>secari</span> <span class='ocrx_word' id='word_1_157' title='bbox 879 2973 974 3054; x_wconf 89' lang='lat' dir='ltr'>cupit.</span> 
     </span>
    </p>

    <p class='ocr_par' dir='ltr' id='par_1_21' title="bbox 385 3056 1063 3143">
     <span class='ocr_line' id='line_1_31' title="bbox 385 3056 1063 3143; baseline -0.004 -20"><span class='ocrx_word' id='word_1_158' title='bbox 385 3058 508 3124; x_wconf 87' lang='lat' dir='ltr'>Secari?</span> <span class='ocrx_word' id='word_1_159' title='bbox 537 3073 569 3122; x_wconf 84' lang='lat' dir='ltr'>at</span> <span class='ocrx_word' id='word_1_160' title='bbox 592 3058 729 3123; x_wconf 91' lang='lat' dir='ltr'>dolorem</span> <span class='ocrx_word' id='word_1_161' title='bbox 751 3061 803 3143; x_wconf 90' lang='lat' dir='ltr'>qui</span> <span class='ocrx_word' id='word_1_162' title='bbox 827 3060 905 3123; x_wconf 87' lang='lat' dir='ltr'>ferre</span> <span class='ocrx_word' id='word_1_163' title='bbox 928 3056 1063 3141; x_wconf 83' lang='lat' dir='ltr'>poterit?</span> 
     </span>
    </p>

    <p class='ocr_par' dir='ltr' id='par_1_22' title="bbox 382 3144 1104 3317">
     <span class='ocr_line' id='line_1_32' title="bbox 382 3144 1104 3232; baseline -0.001 -24"><span class='ocrx_word' id='word_1_164' title='bbox 382 3144 452 3232; x_wconf 88' lang='lat' dir='ltr'>Ego</span> <span class='ocrx_word' id='word_1_165' title='bbox 474 3146 563 3208; x_wconf 92' lang='lat' dir='ltr'>illum</span> <span class='ocrx_word' id='word_1_166' title='bbox 586 3147 619 3208; x_wconf 92' lang='lat' dir='ltr'>in</span> <span class='ocrx_word' id='word_1_167' title='bbox 641 3145 739 3208; x_wconf 89' lang='lat' dir='ltr'>altum</span> <span class='ocrx_word' id='word_1_168' title='bbox 761 3167 907 3210; x_wconf 87' lang='lat' dir='ltr'>somnum</span> <span class='ocrx_word' id='word_1_169' title='bbox 930 3146 1104 3230; x_wconf 86' lang='lat' dir='ltr'>conijciam.</span> 
     </span>
     <span class='ocr_line' id='line_1_33' title="bbox 382 3231 1088 3317; baseline -0.004 -23"><span class='ocrx_word' id='word_1_170' title='bbox 382 3234 471 3315; x_wconf 91' lang='lat' dir='ltr'>proin</span> <span class='ocrx_word' id='word_1_171' title='bbox 494 3249 529 3296; x_wconf 92' lang='lat' dir='ltr'>tu</span> <span class='ocrx_word' id='word_1_172' title='bbox 550 3255 661 3317; x_wconf 86' lang='lat' dir='ltr'>aquam</span> <span class='ocrx_word' id='word_1_173' title='bbox 684 3235 760 3295; x_wconf 95' lang='lat' dir='ltr'>mihi</span> <span class='ocrx_word' id='word_1_174' title='bbox 782 3231 858 3296; x_wconf 87' lang='lat' dir='ltr'>affer</span> <span class='ocrx_word' id='word_1_175' title='bbox 880 3231 1088 3314; x_wconf 77' lang='lat' dir='ltr'>soporiferam,</span> 
     </span>
    </p>

    <p class='ocr_par' dir='ltr' id='par_1_23' title="bbox 382 3319 978 3403">
     <span class='ocr_line' id='line_1_34' title="bbox 382 3319 978 3403; baseline -0.003 -21"><span class='ocrx_word' id='word_1_176' title='bbox 382 3319 466 3382; x_wconf 87' lang='lat' dir='ltr'>illam</span> <span class='ocrx_word' id='word_1_177' title='bbox 489 3321 616 3403; x_wconf 89' lang='lat' dir='ltr'>inquam</span> <span class='ocrx_word' id='word_1_178' title='bbox 638 3321 813 3383; x_wconf 85' lang='lat' dir='ltr'>confectam</span> <span class='ocrx_word' id='word_1_179' title='bbox 835 3341 874 3382; x_wconf 88' lang='lat' dir='ltr'>ex</span> <span class='ocrx_word' id='word_1_180' title='bbox 896 3319 978 3400; x_wconf 90' lang='lat' dir='ltr'>opio,</span> 
     </span>
    </p>

    <p class='ocr_par' dir='ltr' id='par_1_24' title="bbox 382 3404 1025 3490">
     <span class='ocr_line' id='line_1_35' title="bbox 382 3404 1025 3490; baseline -0.006 -21"><span class='ocrx_word' id='word_1_181' title='bbox 382 3408 414 3469; x_wconf 93' lang='lat' dir='ltr'>in</span> <span class='ocrx_word' id='word_1_182' title='bbox 436 3408 679 3490; x_wconf 85' lang='lat' dir='ltr'>pharmacoterio</span> <span class='ocrx_word' id='word_1_183' title='bbox 701 3408 865 3489; x_wconf 83' lang='lat' dir='ltr'>repositam</span> <span class='ocrx_word' id='word_1_184' title='bbox 888 3404 1025 3468; x_wconf 90' lang='lat' dir='ltr'>invenies</span> 
     </span>
    </p>

    <p class='ocr_par' dir='ltr' id='par_1_25' title="bbox 382 3488 1197 3576">
     <span class='ocr_line' id='line_1_36' title="bbox 382 3488 1197 3576; baseline -0.002 -20"><span class='ocrx_word' id='word_1_185' title='bbox 382 3495 415 3556; x_wconf 93' lang='lat' dir='ltr'>in</span> <span class='ocrx_word' id='word_1_186' title='bbox 438 3494 569 3557; x_wconf 84' lang='lat' dir='ltr'>fenestra</span> <span class='ocrx_word' id='word_1_187' title='bbox 590 3517 608 3557; x_wconf 86' lang='lat' dir='ltr'>a</span> <span class='ocrx_word' id='word_1_188' title='bbox 630 3494 753 3556; x_wconf 89' lang='lat' dir='ltr'>dextris.</span> <span class='ocrx_word' id='word_1_189' title='bbox 798 3507 891 3576; x_wconf 89' lang='lat' dir='ltr'>atque</span> <span class='ocrx_word' id='word_1_190' title='bbox 913 3488 1031 3555; x_wconf 82' lang='lat' dir='ltr'>audini</span> <span class='ocrx_word' id='word_1_191' title='bbox 1060 3510 1197 3573; x_wconf 89' lang='lat' dir='ltr'>propera.</span> 
     </span>
    </p>
   </div>
   <div class='ocr_carea' id='block_1_15' title="bbox 322 3625 393 3669">
    <p class='ocr_par' dir='ltr' id='par_1_26' title="bbox 322 3625 393 3669">
     <span class='ocr_line' id='line_1_37' title="bbox 322 3625 393 3669; baseline 0.014 -1"><span class='ocrx_word' id='word_1_192' title='bbox 322 3625 356 3668; x_wconf 77' lang='lat' dir='ltr'>M.</span> <span class='ocrx_word' id='word_1_193' title='bbox 370 3625 393 3669; x_wconf 82' lang='lat' dir='ltr'>S.</span> 
     </span>
    </p>
   </div>
   <div class='ocr_carea' id='block_1_16' title="bbox 0 0 1684 4225">
    <p class='ocr_par' dir='ltr' id='par_1_27' title="bbox 0 0 1684 4225">
     <span class='ocr_line' id='line_1_38' title="bbox 0 0 1684 4225; baseline 0 2"><span class='ocrx_word' id='word_1_194' title='bbox 0 0 1684 4225; x_wconf 95' lang='lat' dir='ltr'> </span> 
     </span>
    </p>
   </div>
  </div>
 </body>
</html>
