3359 4225
661 548 1010 627 HYMENAEUS
1124 559 1223 642 [Aca.
1238 578 1271 640 4,
1287 554 1336 621 Sc.
1354 550 1388 637 5⁸

408 744 556 828 quiddam
579 744 640 809 tale
662 745 792 809 scribere
814 746 1012 809 Avicennam
1034 744 1246 807 commemini.

409 852 496 895 nunc
514 830 556 917 ad
579 831 778 915 Alphonsum
801 855 849 913 eo,
872 847 906 894 vt
928 833 994 895 eius
1014 830 1104 896 saluti
1128 829 1298 894 consulam.

565 1006 738 1078 Acrus
766 1028 799 1101 ς.
854 1005 1020 1078 scuNA
1052 1017 1094 1077 1².

547 1148 759 1211 Fcrdinandus.
803 1147 955 1211 Pantaleo.
1000 1147 1117 1211 Sannio.

339 1308 347 1326 .
410 1262 472 1325 Nae
496 1283 554 1348 ego
577 1263 671 1325 homo
694 1276 875 1323 natussum
898 1261 937 1323 ad
960 1260 1123 1340 miseriam,

408 1350 461 1432 qui
483 1350 611 1411 vnicum
633 1362 699 1411 tam
720 1349 823 1411 subito
845 1362 956 1410 natum
979 1346 1172 1429 perdiderim.

409 1434 444 1501 Ο
469 1435 573 1518 iniqua
596 1435 668 1515 fata,
691 1433 767 1514 vale,
790 1435 833 1496 mi
858 1432 1015 1517 Erophile.

409 1520 467 1585 Sed
490 1522 587 1584 feram
610 1537 716 1584 tamen
738 1536 771 1583 vt
793 1520 964 1604 sapientem
987 1519 1086 1601 decet,

408 1629 467 1671 nec
491 1608 579 1671 illum
603 1622 757 1688 revocant,
781 1630 839 1671 nec
863 1630 914 1671 me
936 1606 1073 1670 solantur
1096 1605 1275 1692 lachrymae.

409 1693 526 1759 Filium
548 1717 645 1758 vnum
667 1695 760 1758 habui
784 1692 981 1777 Erophilum,

410 1804 483 1846 eum
505 1803 564 1867 ego
586 1784 647 1845 huc
670 1782 737 1844 misi
760 1781 934 1860 Patavium,

409 1871 546 1935 animam
568 1885 601 1932 vt
623 1869 747 1949 coleret,
771 1889 834 1931 non
858 1889 967 1951 corpus
989 1867 1032 1930 vti
1055 1867 1203 1951 perderet,

409 1979 504 2040 quem
527 1978 584 2041 ego
606 1955 763 2039 sperabam
785 1955 893 2019 solatio
915 1956 1057 2018 futurum
1079 1956 1166 2017 mihi.

411 2043 445 2109 Ο
469 2043 572 2106 inania
594 2043 727 2127 cogitata
749 2057 780 2105 et
802 2064 870 2126 spes
893 2043 1058 2105 hominum
1080 2040 1208 2126 fragiles,

409 2154 480 2216 quae
505 2153 578 2194 cum
600 2131 743 2215 navigare
764 2129 909 2193 videntur
931 2130 963 2192 in
986 2145 1087 2213 portu,

410 2218 582 2281 infortunio
605 2218 769 2299 improviso
792 2217 966 2280 obruuntur
988 2218 1020 2279 in
1044 2217 1161 2300 pelago.

411 2303 469 2368 Sed
492 2304 632 2388 nunquid
654 2304 728 2366 certi
752 2318 797 2366 est
818 2318 852 2366 vt
874 2303 926 2366 ille
948 2305 1080 2387 perierit,

411 2391 594 2475 plusquam
617 2406 652 2453 tu
674 2391 750 2452 mihi
774 2392 911 2472 narrasti,
935 2389 1103 2454 Pantaleo?

280 2479 393 2544 Ponto.
413 2477 550 2558 Prorsus,
573 2480 655 2558 here,
678 2476 766 2558 nihil,
789 2499 897 2540 verum
919 2479 1037 2541 fatebor
1059 2478 1125 2558 tibi,

411 2567 469 2628 hac
493 2564 541 2627 ille
564 2580 656 2627 nocte
679 2563 759 2628 clam
783 2564 863 2627 aedes
885 2565 1064 2652 ingreditur,

350 2676 351 2679 ¹
410 2653 539 2736 (amavit
561 2653 647 2714 enim
669 2667 702 2713 vt
724 2651 835 2714 audisti
857 2651 989 2735 Juliam)

411 2740 485 2801 hinc
508 2738 599 2821 paulo
621 2753 689 2820 post
712 2738 808 2801 elatus
829 2753 874 2800 est
896 2754 1047 2818 mortuus,

411 2841 443 2889 et
466 2827 498 2887 in
521 2827 629 2887 cistam
652 2826 733 2887 hanc
756 2825 916 2907 impositus
936 2847 1031 2910 quam
1053 2825 1146 2905 vides,

411 2911 463 2976 sed
486 2934 587 2994 neque
610 2911 661 2974 illa
682 2913 824 2995 (omnem
847 2913 930 2995 quod
952 2926 1072 2995 superat
1094 2909 1202 2993 fidem)

411 3022 474 3085 quo
496 3021 568 3062 casu
590 3000 739 3061 interierit
761 3000 906 3083 cognovit
931 2998 1024 3083 Julia,

411 3087 463 3150 sed
486 3085 529 3148 illi
551 3084 657 3148 multis
680 3085 836 3168 deplorato
859 3085 1013 3149 lachrimis

412 3189 444 3237 et
466 3195 644 3255 supremum
667 3173 744 3235 dixit
767 3189 798 3235 et
821 3188 975 3235 aeternum
998 3173 1073 3237 vale.

342 3309 350 3327 .
413 3259 469 3346 Dij
494 3260 694 3339 immortales,
717 3260 793 3323 istoc
815 3260 890 3343 quid
912 3282 975 3323 esse
998 3258 1128 3343 putem?

413 3348 503 3433 perijt
526 3348 603 3409 mihi
626 3345 716 3427 filius,
741 3370 798 3410 nec
821 3369 884 3430 quo
907 3347 1001 3410 modo
1022 3348 1099 3410 scire
1121 3370 1211 3430 queo.

415 3434 489 3497 Huc
511 3455 569 3516 ego
592 3435 667 3496 istoc
689 3435 804 3516 suscepi
829 3435 886 3497 iter
908 3434 1009 3515 hodie,

412 3536 446 3583 vt
468 3521 532 3584 eius
554 3521 661 3583 mortis
683 3543 805 3584 causam
828 3521 1017 3604 modumque
1038 3523 1143 3586 sciam.
