3359 4225
293 531 345 610 62

293 811 361 875 Fer.

291 983 381 1068 Alph.

674 531 1023 610 HYMENAEUS
1139 540 1235 626 [Aer.
1253 556 1283 623 5,
1299 540 1350 607 Sc.
1366 539 1402 623 4·

422 747 504 808 saepe
526 748 564 789 ex
587 724 669 788 malo
691 726 841 808 principio
864 748 976 812 magna
998 724 1194 790 familiaritas.
1226 745 1228 749 ·

424 811 491 876 Etsi
514 834 565 875 me
588 814 689 894 primo
712 811 828 875 multus
850 814 996 895 oppressit
1018 811 1131 895 dolor,=,

422 914 454 961 at
476 900 532 962 tibi
555 897 691 962 multum
715 922 766 961 me
789 900 850 961 iarn
874 900 983 963 debere
1006 900 1112 964 fateor.

420 983 514 1048 Nihil
536 986 690 1069 equidem,
713 986 764 1049 sed
786 1008 886 1049 vnum
908 1007 989 1069 aegre
1012 986 1086 1068 fero,

423 1095 506 1136 meas
527 1071 712 1155 Erophilum
735 1073 815 1136 clam
837 1071 916 1135 velle
939 1072 1020 1136 aedes
1042 1072 1170 1157 ingredi,

423 1160 616 1242 potissimum
639 1181 741 1223 meam
764 1174 797 1221 vt
819 1174 1030 1241 corrumperet
1053 1157 1159 1223 filiam.

355 1293 363 1310 .
423 1246 515 1327 Illud,
538 1246 711 1328 Alphonse,
735 1246 811 1308 mihi
835 1247 973 1330 ignoscas
995 1248 1131 1329 obsecro,

422 1334 522 1417 coegit
545 1355 642 1414 amor,
665 1334 752 1397 cuius
774 1334 837 1396 vim
861 1354 954 1395 nemo
976 1334 1061 1397 vitat.

424 1420 512 1494 Quin
536 1419 608 1483 deos
628 1435 720 1483 testes
740 1420 852 1482 amoris
874 1421 935 1483 mei
957 1442 1046 1499 voco,
1370 1450 1398 1501 15

422 1522 487 1570 tam
509 1530 527 1570 a
549 1529 601 1570 me
622 1506 765 1589 pudicam
788 1528 862 1587 esse,
884 1529 920 1569 ac
942 1508 966 1570 si
988 1529 1072 1569 soror
1094 1521 1171 1570 esset
1192 1528 1272 1588 mea,

422 1594 478 1656 nisi
502 1594 540 1656 sit
562 1592 729 1657 osculando
751 1595 919 1677 quicquam
943 1593 1162 1675 impudicitior.

421 1681 506 1743 Nam
529 1682 579 1744 vbi
602 1681 738 1762 primum
761 1682 825 1743 eius
848 1680 993 1743 conclave
1017 1680 1180 1764 ingredior,

421 1768 540 1850 epotavi
563 1789 675 1851 aquam
698 1783 729 1830 et
751 1767 922 1830 obdormivi
946 1766 1038 1848 illico,

421 1876 481 1918 nec
501 1853 623 1938 vigilavi
646 1855 823 1938 priusquam
847 1855 878 1915 in
901 1855 1047 1936 cauponis
1069 1854 1150 1917 aedas
1170 1855 1319 1920 venerim.
1367 1885 1399 1922 ao

372 1987 380 2004 .
424 1941 557 2025 Aedipol
579 1956 611 2004 te
632 1942 766 2003 nimium
787 1962 908 2023 semper
930 1964 998 2004 mea
1020 1942 1135 2004 amavit
1156 1941 1250 2025 Julia,

288 3157 375 3242 Avpv.

287 3419 357 3483 Ero.

285 3505 375 3590 Alph.

421 2051 495 2091 nam
517 2029 637 2113 quoties
659 2050 732 2090 cum
755 2028 806 2091 illa
828 2027 866 2091 de
888 2028 1034 2091 nubendo
1056 2029 1122 2092 viro
1143 2026 1312 2113 colloquor,

422 2116 524 2199 pallet,
548 2118 647 2197 rubet,
669 2117 806 2198 suspirat,
830 2116 906 2177 nihil
929 2115 1075 2199 loquitur,

421 2218 454 2265 vt
476 2203 565 2266 facile
586 2203 717 2283 videam,
740 2226 801 2286 quo
822 2202 967 2266 adiecerit
988 2203 1140 2266 animum.

421 2291 476 2352 Ah
498 2313 538 2354 ne
560 2291 694 2353 nimium
718 2290 809 2369 dicas,
831 2288 883 2352 sed
906 2311 964 2352 nec
986 2311 1044 2374 ego
1066 2311 1135 2352 eam
1157 2290 1219 2354 odi.

1240 2378 1315 2442 scio.
1364 2406 1394 2457 ²⁵

422 2462 517 2550 Ergo,
541 2463 711 2547 Alphonse,
735 2485 786 2525 me
809 2463 890 2527 audi.
937 2463 1045 2526 iamsi
1068 2462 1155 2526 lubet

420 2550 568 2633 Erophilo
591 2573 662 2614 meo
683 2566 769 2614 tuam
792 2551 815 2612 si
839 2550 1007 2631 despondes
1028 2549 1134 2631 filiam,
1192 2569 1194 2573 ·

418 2639 491 2721 quia
512 2659 574 2700 sese
596 2637 686 2700 video
708 2659 810 2700 amare
833 2637 979 2716 invicem,

420 2725 524 2787 dotem
548 2747 605 2808 ego
627 2723 721 2787 vllam
745 2746 802 2786 nec
824 2746 933 2806 quaero
955 2745 1013 2786 nec
1035 2723 1136 2806 cupio.

419 2826 463 2890 est
486 2811 544 2896 dijs
564 2812 661 2898 gratia
682 2810 805 2873 abunde
827 2812 904 2873 mihi
927 2811 1007 2892 satis,
1363 2843 1394 2893 3⁰

418 2898 498 2961 vnde
522 2899 579 2983 hijs
602 2900 730 2960 honeste
751 2898 870 2960 victum
893 2912 923 2959 et
947 2899 1091 2961 vestitum
1113 2897 1280 2979 praebmm.

418 2983 499 3049 filius
521 2986 545 3048 is
566 2987 642 3048 mihi
666 3000 711 3048 est
733 2985 850 3066 micus,

417 3074 467 3136 cui
492 3071 631 3155 relinquo
653 3094 722 3134 mea
744 3092 813 3154 quae
836 3073 934 3134 habeo
956 3073 1070 3134 omnia.

417 3160 582 3243 Equidem,
606 3159 809 3238 Ferdinande,
831 3160 904 3242 quia
926 3180 1051 3220 mecum
1074 3156 1238 3242 magnifice

416 3249 459 3309 sic
481 3248 561 3309 visus
583 3269 614 3309 es
635 3268 733 3330 agere,
755 3260 895 3308 amantes
916 3267 980 3307 non
1004 3245 1188 3310 disiunxero.
1361 3278 1392 3328 35

417 3333 589 3417 despondeo
612 3334 666 3396 tibi
690 3355 803 3413 meam,
827 3331 878 3394 illa
898 3333 921 3394 si
945 3330 1038 3412 volet,
1061 3331 1167 3396 filiam.

418 3420 471 3482 Ah
494 3420 576 3483 volet
597 3422 669 3483 scio.

681 3504 734 3570 fiet
757 3528 840 3592 ergo,
864 3505 1022 3590 Erophile,
