3359 4225
286 551 370 614 Acr.
387 568 418 637 3,
434 550 482 616 Sc.
498 550 548 635 4⁸]
663 540 1013 619 HYMENAEUS

415 736 542 820 vultque
564 736 640 799 adeo
661 736 685 799 si
708 749 808 817 potest
829 738 887 799 hac
910 750 1001 799 nocte
1023 738 1186 820 quiescere.

286 822 394 887 Panto.
416 823 503 887 Bene
525 838 580 904 est,
603 824 764 904 Amerina,
787 845 861 885 eum
883 822 1016 886 dormire
1038 824 1167 907 gaudeo,
1376 852 1391 902 5

417 932 490 997 ergo
512 910 550 973 ad
572 931 645 971 eum
668 931 733 973 cras
755 932 846 972 mane
869 910 970 973 redeo.

417 998 542 1060 interim
564 1011 599 1059 tu
621 998 701 1059 hanc
723 1019 833 1079 aquam
855 1019 981 1078 asserva,
1003 1019 1065 1080 qua
1086 1012 1155 1059 tum
1178 1019 1255 1079 opus
1275 997 1343 1066 erit.

287 1084 356 1147 Fre.
419 1082 489 1167 Ego
510 1099 541 1146 te
564 1084 658 1165 probe
680 1084 781 1165 audio,
805 1106 846 1146 ne
868 1083 906 1146 ad
929 1105 979 1145 me
1002 1105 1067 1147 cras
1089 1084 1201 1147 redeas.

287 1169 370 1234 Ante.
417 1168 559 1234 Obsecro
580 1170 654 1254 quid
676 1184 779 1233 noster
800 1172 852 1233 hic
874 1172 938 1254 agit
961 1170 1163 1233 Fredericus?

286 1257 395 1321 Panto.
423 1257 469 1321 Vt
491 1258 604 1340 fungus
626 1256 729 1319 madet
752 1258 835 1338 vino,
857 1258 1064 1339 turpissimam
1086 1256 1155 1320 vide
1179 1255 1325 1339 belluam,
1348 1263 1393 1322 “10

417 1358 449 1407 et
470 1367 542 1428 quae
558 1342 659 1406 vidisti
675 1365 744 1407 mea
766 1366 856 1407 causa
878 1360 1000 1407 narrato
1021 1344 1127 1427 Juliae.

287 1430 357 1494 Lea·
420 1430 529 1511 Visne,
551 1432 635 1510 here,
657 1452 762 1493 earnm
784 1431 858 1493 hinc
880 1430 1033 1494 domum?

288 1518 357 1582 Got.
420 1517 454 1583 O
478 1516 668 1600 pulchellum
690 1540 832 1599 puerum,
855 1518 915 1580 iam
939 1518 1040 1580 infans
1062 1518 1105 1581 ire
1126 1517 1249 1600 occipit.

288 1604 354 1669 Leo.
422 1604 504 1678 Quis
526 1621 557 1668 te
579 1603 695 1667 iamdiu
718 1604 854 1684 morbus,
877 1606 960 1685 bere,
983 1604 1106 1668 tenuit?

287 1692 356 1755 Fre.
422 1692 689 1779 Κακοστομαχος
711 1713 792 1772 sum,
815 1706 885 1754 tum
906 1692 1024 1777 vertigo
1046 1708 1139 1773 caput
1161 1705 1257 1755 tenet.
1363 1719 1391 1769 15

287 1778 353 1842 Leo.
421 1778 491 1842 Irno
512 1794 544 1842 te
566 1778 658 1841 credo
679 1780 806 1841 morbus
827 1777 989 1842 comitialis
1009 1779 1167 1860 corripuit,

419 1866 531 1949 quibus
552 1887 656 1947 capras
678 1866 786 1928 dicunt
809 1865 980 1947 plerunque
1002 1865 1160 1946 obnoxias,

421 1953 463 2015 ita
484 1968 610 2035 repente
632 1952 723 2034 paulo
744 1950 904 2015 concidisti
927 1953 1019 2034 prius.

420 2038 478 2104 Sed
501 2062 558 2124 ego
581 2039 635 2101 tibi
659 2039 835 2101 medicabor
857 2039 983 2122 optime.

420 2127 465 2190 ito
487 2127 559 2190 hinc
582 2143 665 2189 recta
686 2127 826 2208 domum,
848 2126 971 2210 quiesce
994 2125 1160 2205 moderate,
1361 2155 1395 2191 ao

421 2229 528 2277 caveto
549 2236 568 2276 a
589 2213 671 2276 salsis
693 2215 767 2277 cibis
789 2231 821 2276 et
843 2235 862 2275 a
883 2228 958 2295 potu
981 2213 1089 2294 nimio,

419 2299 609 2364 convalesces
631 2301 704 2364 cit0.
749 2301 914 2383 probatum
936 2315 991 2363 est.
1038 2298 1111 2383 quid
1134 2300 1198 2363 ais?

287 2388 395 2452 Panto.
420 2387 508 2461 Quid
530 2410 587 2474 ego
609 2387 666 2450 tibi
689 2387 788 2450 multa
810 2386 933 2450 dicam?
971 2387 1073 2449 asinus
1095 2386 1245 2450 auriculas
1266 2400 1381 2450 movet.

288 2476 357 2540 Got.
416 2474 563 2558 Tetigisti
586 2475 757 2537 hominem.
803 2473 944 2556 iugulasti
967 2495 1070 2555 prope.
1362 2503 1390 2550 η

288 2563 397 2627 Panto.
414 2563 512 2625 Nunc
527 2577 648 2643 tempus
662 2577 709 2623 est
722 2583 779 2623 nos
794 2561 868 2623 hinc
883 2561 975 2623 abire.
1010 2557 1156 2641 Gothrio,
1167 2581 1231 2643 quo
1246 2582 1332 2623 nunc
1348 2558 1394 2623 is?

289 2650 359 2714 Gor.
419 2648 535 2711 taedam
558 2649 632 2710 hinc
654 2645 748 2710 affero
769 2662 800 2710 et
823 2647 1018 2710 chlamidem.

287 2737 396 2801 Panto.
412 2735 504 2799 Tum
527 2750 563 2798 tu
585 2733 683 2797 telum
705 2734 829 2816 aliquod
852 2756 926 2820 roga
947 2749 1069 2814 mutuo,

420 2833 484 2906 quo
505 2844 561 2884 nos
584 2822 608 2884 si
631 2843 707 2902 opus
728 2822 777 2902 sit,
799 2821 1000 2884 defendamus
1022 2821 1054 2883 in
1076 2821 1135 2901 via,

420 2931 494 2972 nam
516 2923 581 2971 tam
604 2930 671 2971 sero
692 2906 850 2972 ambulare
872 2907 1044 2990 periculum
1065 2921 1122 2986 est,

420 2997 448 3058 ei
472 2996 643 3078 praesertim
665 2996 719 3079 qui
741 2997 889 3079 aufugere
910 3017 974 3056 non
996 2994 1112 3057 didicit.
1363 3023 1396 3073 30

290 3084 359 3148 Got.
420 3085 466 3146 At
487 3105 581 3166 prope
603 3097 675 3145 sunt
699 3081 789 3146 aedea

288 3171 396 3235 Panto.
417 3232 425 3245 ,
810 3168 886 3252 quid
908 3167 1000 3230 tum?
1028 3167 1081 3249 qui
1105 3167 1195 3229 timet
1216 3166 1304 3248 sapit,

421 3279 522 3320 mores
543 3278 601 3340 ego
624 3256 788 3319 hominurn
812 3271 954 3337 expertus
975 3276 1043 3317 sum
1066 3253 1147 3332 satis,

422 3342 495 3407 nolo
518 3366 568 3406 me
590 3342 736 3426 cuiquam
759 3343 912 3404 inermem
934 3341 1076 3425 obijcere.

288 3431 373 3496 Arne.
423 3430 562 3510 Ecastor,
586 3428 788 3512 Pantomage,
812 3428 978 3511 prudenter
1000 3427 1083 3507 facis,

420 3539 488 3581 sero
509 3517 598 3598 sapit,
620 3516 675 3600 qui
698 3532 766 3598 post
788 3515 901 3578 vulnus
922 3515 1017 3578 sumit
1039 3512 1196 3600 clypeum,
