3359 4225
287 488 342 567 60
665 492 1014 572 HYMENAEus
1128 505 1274 589 neas,
1295 500 1395 587 sag·

285 684 369 750 Arne.
419 687 507 761 Quin
530 688 664 773 phialam
687 691 795 772 aspice.

286 771 393 839 Panto.
807 799 950 864 agnosco,
973 778 1037 860 ipsa
1058 793 1113 841 est.

415 864 468 947 qui
492 885 603 948 aquam
625 886 695 947 quae
719 864 816 927 inerat
839 880 962 947 epotare
984 866 1046 947 ipse
1069 862 1193 947 potuit?
1266 864 1394 947 [habeo,

284 943 355 1035 Jul.
415 948 485 1037 Ego
513 972 581 1014 eam
612 966 675 1013 rata
704 972 767 1013 esse
797 973 960 1033 rosaceam‚
986 973 1081 1035 quam
1109 972 1229 1032 semper
1259 948 1394 1013 multam

416 1038 489 1121 quia
511 1036 588 1099 nihil
611 1060 662 1100 me
684 1037 836 1100 Amerina
858 1053 1096 1120 praemonuerat,
1346 1067 1391 1102 101

418 1146 473 1206 pro
495 1146 615 1187 rosacea
637 1123 680 1186 illi
704 1124 924 1207 degustandam
947 1124 1026 1188 dedi.

417 1209 475 1273 Ille
498 1233 571 1274 cum
594 1211 716 1274 bibisset
739 1226 863 1274 mortuo
886 1213 965 1275 iacet
986 1210 1102 1275 similis.

417 1300 490 1361 hinc
512 1299 600 1361 veriti
623 1320 663 1360 ne
685 1320 835 1381 magnum
858 1320 914 1361 nos
935 1314 1074 1362 maneret
1097 1298 1238 1378 dedecus,

418 1407 491 1448 eum
514 1383 591 1447 nihil
612 1385 798 1447 sentientem
821 1385 989 1448 extulimus
1010 1408 1066 1468 pro
1087 1401 1222 1466 mortuo,

417 1487 449 1534 et
472 1495 511 1535 ne
534 1472 572 1534 de
595 1472 659 1534 eius
680 1487 781 1533 morte
802 1474 906 1535 statim
928 1473 1059 1555 quaestio
1080 1471 1177 1553 fieret,

417 1580 490 1621 eum
513 1560 545 1620 in
568 1560 676 1622 cistam
699 1558 780 1641 apud
803 1558 894 1645 Lucij
919 1560 998 1622 fores
1020 1558 1247 1622 collocavimus.

417 1644 491 1728 quid
514 1661 616 1727 postea
638 1647 665 1707 ei
688 1645 832 1708 acciderit
855 1647 968 1709 nescio.

362 1779 370 1796 .
415 1732 453 1795 In
478 1734 557 1795 hanc
579 1747 611 1795 te
633 1747 717 1795 certo
740 1734 833 1794 istum
856 1733 987 1815 posuisse
1010 1733 1101 1814 nosti,
1123 1730 1231 1815 Julia?

348 1866 356 1882 .
416 1818 603 1883 Certissime.

633 1905 718 1968 Bene
740 1922 795 1986 est,
818 1907 1009 1969 conveniunt
1030 1907 1147 1968 omnia.
1348 1936 1394 1971 110

385 2040 393 2056 .
419 1992 509 2066 Quin
531 1993 581 2054 vbi
604 2015 716 2076 aquam
740 1994 819 2055 banc
841 1994 975 2075 epotavit
998 1991 1188 2076 Erophilus?

348 2128 356 2144 .
418 2080 457 2144 ln
480 2079 617 2143 conclavi
641 2102 721 2144 meo.

743 2167 828 2230 Hem
851 2167 925 2250 quid
948 2189 1049 2230 narras
1072 2167 1104 2229 in
1126 2166 1266 2230 conclavi
1289 2167 1369 2232 tuo?

416 2268 484 2316 tum
508 2253 557 2336 pol
582 2276 651 2316 vera
674 2256 859 2316 memoravit
883 2251 1029 2334 Gothrio,

418 2340 644 2423 Capricornum
667 2363 730 2403 esse
753 2363 813 2403 me.
859 2363 913 2404 vos
934 2341 1034 2403 valere
1057 2342 1157 2404 iubeo.

417 2449 475 2511 ego
498 2426 628 2490 discedo.
674 2427 817 2490 redeam?
849 2450 912 2489 non
934 2429 957 2490 si
981 2451 1033 2490 me
1055 2428 1202 2491 obsecras.
1349 2456 1393 2507 115

419 2515 506 2576 Heus
528 2515 587 2594 exi,
610 2536 736 2597 sequere
758 2537 819 2594 me,
844 2513 990 2579 Gothri0.

346 2649 353 2665 .
417 2600 504 2674 Quid
527 2600 577 2663 ille
599 2616 767 2684 tantopere,
790 2600 961 2684 Alphonse,
985 2599 1145 2664 irascitur?

368 2735 376 2752 .
418 2686 546 2766 Nescio,
569 2709 624 2750 suo
647 2711 733 2750 more
754 2688 854 2750 solens
876 2688 959 2751 facit.

415 2796 470 2837 vos
492 2775 626 2856 introite,
650 2775 728 2837 nihil
750 2797 804 2837 vos
825 2774 896 2837 volo
917 2773 1059 2857 amplius,

416 2882 547 2943 vnaque,
569 2861 593 2924 si
615 2861 778 2942 videbitur,
802 2859 959 2924 Pantaleo.
1350 2892 1397 2929 rao

417 2948 536 3011 Vivum
559 2948 614 3011 tibi
637 2947 737 3011 filium
760 2963 791 3010 et
813 2947 927 3010 salvam
950 2946 1046 3010 filiam
1069 2948 1197 3032 gaudeo.

286 3037 354 3100 Fer.
419 3033 508 3107 Quin
531 3056 605 3096 eum
627 3036 735 3098 mortis
758 3034 894 3118 periculo
916 3034 1079 3098 liberatum
1102 3035 1204 3117 cupio.

286 3123 370 3186 Duu.
420 3121 508 3195 Quin
531 3122 555 3184 si
578 3144 649 3186 vera
671 3122 854 3185 memoravit
876 3119 970 3205 Julia,
992 3143 1050 3207 ego
1073 3122 1104 3185 id
1125 3120 1298 3204 expediam.

286 3210 355 3273 Fer.
418 3209 622 3288 Immortales,
643 3210 690 3271 vir
710 3231 841 3290 summe,
866 3209 921 3272 tibi
943 3209 1054 3293 gratias
1075 3230 1176 3292 egero,

418 3309 449 3360 et
474 3294 614 3381 beneficij
640 3296 730 3359 huius
753 3297 829 3359 dum
851 3296 931 3376 vivo,
956 3296 1138 3358 meminero.

286 3382 372 3447 Duu.
422 3382 484 3444 Hae
508 3382 670 3446 sedicunt
693 3385 778 3446 hunc
801 3382 943 3445 extulisse
966 3399 1136 3446 mortuum.

287 3468 358 3532 Fer.
1160 3469 1278 3534 dicunt.
