3359 4225
248 499 332 564 Acr.
350 519 381 583 2,
396 500 508 584 Sc.2⁵]
625 492 977 570 HYMENAEUS

380 686 439 749 hoc
461 687 546 748 enim
569 686 601 748 in
625 709 675 749 me
697 709 779 769 saepe
802 688 864 749 iam
887 686 1037 768 experior,

381 773 478 856 siquid
500 788 536 835 tu
559 773 646 854 nolis,
669 774 700 835 id
723 796 774 836 me
796 772 879 836 nolle
901 774 1005 854 etiam,

381 875 417 922 tu
438 859 537 943 siquid
559 858 640 938 velis,
665 860 696 922 id
718 882 769 923 me
791 875 900 943 sponte
923 881 1043 941 cupere.
1321 892 1354 941 30

380 948 483 1010 nescio
505 947 662 1030 quomodo
684 963 788 1010 nostra
809 946 986 1029 conspirant
1008 946 1117 1028 studia,

382 1048 491 1097 natura
513 1057 564 1097 me
586 1034 677 1096 credo
699 1035 755 1097 tibi
778 1050 938 1116 parentem
960 1035 1077 1118 genuit.

248 1121 356 1185 Panto.
380 1119 468 1193 Quid
490 1122 543 1203 ais,
567 1119 729 1204 mastigia?
758 1138 789 1184 te
812 1120 889 1183 mihi
911 1136 1021 1184 natura
1042 1135 1202 1203 parentem
1223 1122 1354 1207 genuit?

250 1208 318 1272 Got.
381 1206 485 1271 Certe.

249 1294 355 1358 Panto.
504 1294 556 1379 qui
580 1310 665 1377 patre
687 1309 868 1358 natussum
891 1293 1093 1358 Alcimarcho

379 1380 537 1463 splendido
560 1398 591 1444 et
613 1380 732 1445 nobili?
1321 1414 1351 1464 35

251 1467 318 1532 Gor.
382 1469 456 1531 Non
479 1490 537 1552 ego
560 1490 667 1551 parens
689 1484 760 1532 tuus
781 1469 833 1531 sed
857 1489 964 1550 parens
986 1469 1042 1531 tibi
1065 1491 1144 1532 sum.

249 1554 356 1619 Panto.
379 1553 470 1618 Pater
491 1577 564 1641 ergo
585 1578 626 1619 an
649 1571 747 1619 mater
769 1578 800 1619 es
823 1553 923 1618 mihi?

250 1640 319 1705 Got.
384 1641 506 1705 Neuter
528 1642 681 1727 equidem,
704 1643 756 1705 sed
778 1663 887 1725 parens
908 1643 974 1705 tibi.

248 1728 356 1792 Panto.
383 1727 438 1792 Pol
460 1751 518 1813 ego
540 1744 581 1811 te,
603 1729 697 1811 asine,
719 1729 853 1793 stimulis
875 1730 1000 1811 fodiam,
1022 1730 1047 1793 si
1069 1732 1111 1794 sic
1135 1731 1216 1794 rudis
1238 1731 1326 1795 mihi.

250 1814 317 1879 Got.
380 1814 470 1888 Quin
493 1839 544 1879 me
566 1830 708 1880 naturam
732 1817 801 1880 dico
822 1817 962 1903 genuisse
984 1833 1143 1899 parentem
1166 1819 1232 1881 tibi.
1320 1850 1353 1897 40

249 1902 359 1966 Panto.
385 1901 507 1987 Pergin,
530 1902 680 1986 pessime?

250 1989 317 2053 Gor.
690 1990 819 2073 imperio
833 2006 992 2073 parentem
1012 2005 1043 2054 et
1062 1991 1146 2054 dicto
1164 1990 1352 2056 audientem.

379 2078 433 2140 An
455 2076 568 2141 oblitus
589 2092 654 2140 tam
677 2078 753 2158 cito,
776 2078 870 2141 modo
892 2079 976 2162 quod
998 2078 1115 2142 dixeras
1138 2078 1225 2160 mihi,

380 2165 568 2228 “verborum
591 2166 788 2248 proprietates
810 2187 874 2227 non
897 2166 1020 2246 novisti,
1042 2164 1196 2229 stolide?”

380 2252 465 2315 Nam
487 2252 561 2334 quid
585 2252 699 2315 mirum
722 2253 745 2314 si
769 2274 827 2336 ego
848 2252 959 2316 stultus
981 2254 1125 2334 haeream,

378 2359 451 2401 cum
475 2338 522 2401 vel
545 2354 576 2402 te
598 2341 761 2402 verborum
784 2339 899 2401 lateant
921 2338 1100 2426 elegantiae?

247 2423 354 2487 Panto.
378 2422 436 2487 Per
459 2426 530 2489 deos
551 2441 585 2489 vt
607 2423 720 2489 evasit!
752 2448 824 2489 cave
847 2426 960 2489 luseris.

249 2509 318 2575 Gor.
382 2510 451 2596 Ego
473 2527 504 2575 te
526 2511 656 2575 ludam?
686 2534 763 2596 euge
785 2512 956 2576 verisimile.

247 2597 355 2661 Panto.
381 2597 470 2671 Quin
493 2599 544 2662 dic
566 2601 647 2662 bona
668 2597 739 2680 fide,
762 2600 893 2662 hoccine
914 2599 1036 2663 volebas
1058 2599 1162 2683 prius?

248 2685 315 2750 Gor.
377 2685 483 2768 Ipsum
506 2687 565 2750 hoc
588 2687 736 2769 profecto,
759 2687 852 2749 nimis
875 2687 1030 2750 iracunde.

245 2771 353 2835 Panto.
379 2771 457 2836 Non
481 2772 583 2836 hercle
605 2773 800 2856 deprehendi,
824 2795 889 2836 non
911 2773 995 2856 quod
1016 2796 1148 2837 acumen
1172 2774 1282 2855 defuit,
1317 2804 1350 2854 50

377 2860 430 2945 sed
452 2859 535 2943 quod
558 2861 601 2923 ita
622 2883 673 2922 me
696 2860 853 2924 iracundia
875 2877 1088 2924 occaecaverat.

247 2947 314 3011 Got.
377 2948 423 3010 At
445 2948 595 3029 pensitare
617 2946 737 3030 singula
758 2948 926 3029 sapientem
950 2948 1047 3011 decet.

246 3033 352 3097 Panto.
376 3034 451 3097 Non
473 3033 618 3117 equidem
641 3056 773 3116 possum,
796 3035 839 3097 ita
861 3056 912 3098 me
934 3050 1043 3097 natura
1066 3036 1200 3098 ferocem
1222 3036 1340 3122 genuit.

376 3121 451 3204 quin
474 3121 524 3183 vbi
548 3120 671 3202 incalui,
693 3135 727 3183 vt
749 3144 807 3208 ego
830 3120 985 3206 fulgurare
1006 3136 1038 3184 et
1060 3138 1167 3185 tonare
1189 3121 1315 3187 videor!

246 3207 313 3271 Gor.
377 3206 518 3273 Obsecro
538 3209 609 3270 satis
629 3222 683 3290 est,
700 3230 765 3271 non
784 3230 843 3294 ego
862 3209 931 3271 haec
951 3208 1029 3272 ferre
1047 3230 1170 3291 possum
1185 3210 1349 3273 verborum

247 3293 352 3358 Panto.
377 3294 466 3368 Quin
490 3295 532 3358 ita
553 3295 644 3358 soleo.
1194 3295 1350 3378 [fulmina.

246 3381 314 3446 Gor.
654 3398 686 3445 at
701 3383 780 3445 sensi
795 3404 876 3464 saepe
890 3404 964 3445 cum
979 3404 1050 3445 meo
1065 3404 1179 3467 magno
1194 3383 1288 3446 malo.
1318 3397 1351 3461 56

377 3489 491 3552 magna
511 3483 632 3532 naturae
657 3470 700 3532 vis
722 3484 777 3551 est,
800 3470 827 3532 ei
851 3491 931 3556 aegre
953 3469 1117 3533 obsistitur.

1209 3605 1279 3645 2-2
