3359 4225
693 493 1042 571 HYMENAEUS
1159 502 1257 587 [Aer.
1274 519 1305 584 2,
1321 502 1370 567 sc.
1388 508 1422 582 ς·

441 690 492 752 cui
515 689 668 771 praebibit,
691 703 722 751 et
744 688 844 752 altum
865 690 994 771 suspirat
1017 688 1120 753 illico:

443 776 526 859 quod
548 774 629 838 solus
651 776 881 857 deprehendens
903 778 1039 857 primum
1062 774 1211 858 Scaevola,

441 878 472 924 et
494 878 607 926 nutans
629 862 697 943 illis,
719 864 772 945 qui
795 863 966 925 assidebant
989 865 1137 945 proxime,

440 948 542 1031 palam
564 949 660 1012 ridere
682 950 787 1031 coepit.
833 948 1042 1033 Pantomagus
1064 951 1249 1032 erubescere,
1387 980 1421 1029 30

441 1052 473 1098 et
495 1037 626 1120 rogitare
648 1058 704 1099 cur
726 1036 756 1098 id
780 1036 927 1099 faceret·

442 1123 613 1205 Respondit
634 1124 689 1186 sibi
713 1124 744 1185 in
768 1138 907 1186 mentem
929 1124 1033 1186 venire
1056 1123 1202 1205 Scaevola,

440 1227 473 1274 vt
496 1209 546 1273 ille
569 1212 712 1273 morbum
736 1210 812 1272 mihi
835 1226 984 1273 narrasset
1006 1233 1123 1274 meum.

442 1298 505 1359 Hic
529 1296 737 1379 Pantomagus
758 1297 958 1379 triumphare,
982 1314 1012 1360 et
1035 1297 1170 1361 fabulam
1193 1298 1343 1380 occipere,

441 1400 473 1446 et
495 1406 561 1447 rem
584 1406 710 1446 ornnem
734 1406 866 1465 narrare,
888 1383 931 1445 illi
956 1385 1017 1448 risu
1039 1407 1132 1467 prope
1154 1386 1262 1447 emori.
1388 1411 1419 1464 35

441 1487 508 1553 post
532 1471 562 1533 id
585 1471 684 1533 factus
705 1487 750 1533 est
772 1471 876 1534 cicada
897 1471 1064 1554 loquacior,

440 1558 524 1641 quod
547 1556 605 1619 illis
627 1572 747 1639 putaret
770 1556 915 1639 placuisse
937 1558 1082 1622 fabulam.

440 1644 532 1708 Tum
554 1659 659 1707 autern
683 1666 788 1706 meum
812 1646 921 1707 herum
943 1660 1091 1728 appotum
1116 1660 1190 1728 puto
1212 1647 1316 1729 probe,

440 1732 482 1795 ita
504 1732 646 1814 frequens
668 1730 775 1813 plenos
795 1732 935 1795 absorbet
957 1733 1094 1817 cyathos,

442 1819 495 1902 qui
518 1834 614 1900 potat,
637 1818 721 1901 quasi
745 1819 947 1901 pugnandum
970 1835 1047 1882 esset
1069 1842 1124 1902 pro
1145 1820 1214 1902 Ilio,
1387 1852 1421 1899 4ο

443 1928 537 1968 nemo
559 1906 643 1967 enim
667 1904 719 1967 illo
742 1904 851 1968 melior
873 1905 1000 1968 bellator
1022 1908 1179 1970 cantharo.

443 1993 527 2055 Nam
552 2014 602 2054 me
624 2014 748 2075 quoque
771 1992 820 2054 vel
844 1993 894 2055 hic
917 2008 1026 2055 natum
1049 1993 1159 2075 Italiae,

442 2080 526 2165 quod
548 2102 621 2144 cum
644 2103 682 2144 eo
703 2079 882 2163 aliquandiu
905 2095 1038 2143 versatus
1060 2081 1182 2163 fuerim,

443 2169 482 2231 ad
504 2189 604 2230 mores
627 2169 689 2230 fere
712 2166 827 2250 redegit
850 2167 1055 2231 Teutonicos.
1115 2168 1253 2253 [Intrant
1262 2169 1421 2252 personati.

443 2254 501 2319 Sed
523 2255 576 2338 qui
599 2268 682 2334 sunt,
706 2276 782 2337 quos
805 2255 836 2315 in
860 2253 969 2316 vltima
992 2255 1091 2337 platea
1113 2254 1227 2318 video?
1387 2284 1420 2335 45

441 2357 555 2406 suntne
578 2340 620 2402 illi
644 2362 722 2423 quos
745 2341 828 2403 intus
850 2342 1036 2422 expectant?

442 2429 499 2493 Ibo
521 2429 603 2490 intro
625 2442 659 2489 vt
682 2425 749 2489 illos
772 2428 961 2491 adventitare
983 2429 1136 2492 nuntiem.

386 2563 394 2580 .
444 2516 499 2601 Hij
523 2530 594 2577 sunt
617 2536 694 2598 quos
716 2511 865 2577 affuturos
888 2514 1040 2578 Camillus
1061 2516 1138 2578 mihi
1161 2516 1289 2598 dixerat,

441 2603 494 2686 qui
517 2603 540 2665 si
562 2623 670 2664 verum
694 2617 856 2683 memorat,
880 2602 996 2684 primus
1017 2618 1062 2665 est
1085 2602 1259 2686 Erophilus.

443 2688 586 2770 introibo,
608 2704 642 2750 vt
665 2690 735 2751 haec
757 2686 851 2772 Juliae
875 2691 1029 2753 nuntiem.
1390 2721 1423 2772 50

600 2859 770 2932 uerus
796 2881 829 2952 3.
884 2860 1050 2932 scENA
1081 2872 1124 2933 1⁸.

691 2999 821 3065 Gothrio.
867 3001 1044 3065 Leonardus.

374 3165 382 3182 .
444 3116 618 3198 Nunquam
642 3113 754 3197 aedipol
776 3114 897 3177 coenavi
920 3115 1050 3194 vberius,

444 3223 604 3286 nunquam
628 3217 745 3264 ecastor
767 3201 868 3283 potavi
891 3200 1013 3284 largius,

443 3311 605 3373 nunquam
628 3289 805 3352 mehercule
826 3303 970 3370 acceptus
991 3309 1061 3352 sum
1083 3288 1219 3370 hilarius,

443 3398 595 3459 nusquam
619 3375 757 3458 profecto
779 3376 951 3439 victitarem
974 3374 1128 3439 libentius.

442 3462 559 3530 Servuli
582 3463 665 3526 intus
687 3463 799 3545 miseri,
821 3483 1009 3546 quocunque
1031 3485 1082 3526 me
1105 3464 1228 3547 recipio,
1404 3499 1420 3550 5
