3359 4225
282 569 369 634 Acr.
382 588 412 652 2,
429 570 476 635 Sc.
493 571 542 656 2⁸]
658 559 1008 639 HYMENAEUS
1338 580 1383 637 21

417 754 640 837 Hippocratem
663 776 728 816 non
750 774 835 835 curo,
859 750 1017 817 Galerium
1039 751 1172 838 negligo,

416 840 468 903 sed
490 863 549 904 nec
571 842 647 904 mihi
671 840 770 923 placet
793 838 966 903 Paracelsus
988 839 1168 903 admodum.
1357 868 1390 919 90

414 949 528 991 novam
549 950 608 1016 ego
631 927 847 992 Cabalisticam
869 927 942 990 artis
964 927 1067 989 inveni
1091 927 1183 988 viam.

415 1013 506 1088 Quot
527 1037 578 1078 me
601 1036 706 1077 censes
726 1014 882 1078 morbidos
905 1014 956 1076 hic
978 1036 1071 1096 prope
1094 1011 1256 1076 Patavium

416 1102 507 1165 vnico
530 1101 712 1166 Burcottico
735 1123 854 1165 curasse
876 1098 1064 1183 pharmaco?

349 1235 357 1251 .
422 1188 548 1251 Audivi.
593 1210 761 1252 numerum
784 1209 848 1250 non
871 1188 965 1270 probe
987 1203 1089 1268 teneo,

415 1298 529 1339 novem
553 1274 682 1360 Patavij,
704 1275 851 1339 vndecim
876 1275 1026 1360 Venetijs,
1096 1338 1098 1343 ,
1358 1299 1390 1355 95

417 1363 582 1426 Anchonae
604 1379 747 1447 quatuor,
769 1362 988 1444 septemdecim
1013 1360 1190 1440 Florentiae‚

417 1464 450 1512 vt
472 1449 546 1512 alios
568 1449 640 1512 alibi
663 1448 801 1512 infinitos
823 1465 1014 1531 praeteream.

417 1536 528 1602 Stilum
550 1552 582 1599 et
604 1536 729 1599 tabellas
750 1558 815 1599 non
837 1538 945 1617 habeo,
968 1537 1011 1599 sic
1034 1535 1163 1598 memini
1187 1549 1302 1598 tamen.

417 1622 475 1686 Sed
497 1646 537 1687 ne
559 1638 591 1687 te
614 1639 701 1705 putes
721 1644 815 1706 parvo
838 1624 889 1685 hic
912 1624 944 1685 in
968 1624 1085 1686 honore
1106 1644 1179 1703 esse,
1269 1621 1390 1704 [verim.

415 1712 477 1773 iam
491 1732 550 1794 ego
564 1710 676 1792 dicam,
692 1710 775 1793 quod
790 1725 826 1773 tu
841 1709 981 1796 gaudeas,
996 1725 1028 1772 et
1047 1732 1105 1793 ego
1125 1731 1287 1792 nunquam
1306 1707 1392 1771 audi·

418 1796 585 1879 Audistin’,
609 1799 691 1877 here,
714 1797 788 1880 quid
810 1797 921 1880 passim
945 1813 976 1860 te
998 1796 1090 1880 vulgo
1111 1794 1247 1860 vocent?
1346 1824 1390 1859 101

416 1883 466 1966 pol
489 1884 652 1947 medicinae
674 1884 777 1948 deum.

793 1971 896 2034 audivi
917 1971 1035 2052 saepius.

418 2056 510 2122 Tum
533 2058 676 2122 mulieres
698 2058 846 2142 inprimis,
869 2073 902 2122 vt
924 2073 956 2122 te
977 2079 1097 2141 sequor,

417 2146 543 2228 adeunt,
565 2161 689 2227 vocant,
712 2146 918 2228 prehendunt,
942 2146 1086 2226 retinent,

415 2232 536 2296 hiccine
557 2234 734 2316 (inquiunt)
755 2231 871 2314 Apollo
893 2232 1057 2295 medicinae
1080 2230 1177 2295 deusl
1345 2258 1391 2309 105

417 2320 480 2382 imo
501 2319 660 2404 (inquam)
682 2320 747 2383 eius
769 2318 850 2383 filius
872 2318 1082 2401 Aesculapius.

416 2428 435 2468 o
457 2405 542 2469 illam
566 2408 686 2470 beatam
709 2408 886 2490 (inquiunt)
907 2428 1002 2490 quam
1025 2407 1081 2469 iste
1102 2404 1309 2487 amplectitur.
1359 2446 1366 2460 ·

416 2492 547 2556 Vtinam
570 2494 691 2557 beatam
715 2494 838 2557 reddere
860 2515 980 2576 possem
1001 2493 1127 2578 Juliam.

417 2580 514 2662 Heus,
536 2581 619 2662 here,
642 2582 705 2663 ipsa
727 2581 891 2667 egreditur,
915 2595 969 2644 tua
991 2581 1118 2664 inquam
1140 2578 1233 2664 Julia.

415 2689 568 2750 compone
589 2666 722 2749 vultum,
744 2682 893 2731 curentur
915 2669 990 2730 item
1014 2682 1135 2748 caetera,
1345 2697 1392 2732 110

418 2753 511 2818 nimis
532 2753 661 2818 delicata
682 2770 727 2818 est
750 2777 790 2818 ne
812 2755 868 2818 tibi
892 2755 971 2817 bene
993 2754 1076 2836 velit,

418 2862 492 2904 nam
514 2841 640 2925 reliquae
663 2847 772 2905 omnes
795 2841 937 2905 mulieres
958 2856 1065 2904 amant
1088 2856 1129 2902 te.

286 2929 394 2993 Panto.
417 2927 558 2992 Rectene
580 2927 708 2992 omnia?

288 3016 356 3081 Got.

687 3062 690 3068 «
726 3015 853 3097 optime.

285 3103 393 3167 Panto.
416 3101 503 3164 Bene
524 3116 591 3165 est:
615 3102 688 3165 hem
709 3102 784 3185 quid
807 3100 890 3165 hoc?
916 3123 969 3183 per
991 3123 1078 3164 nares
1100 3101 1234 3164 decurrit
1255 3101 1388 3188 sanguis.

416 3211 435 3251 ο
451 3210 597 3276 magnam
607 3190 720 3252 amoris
732 3189 806 3252 vim.
846 3186 956 3252 Omen
971 3204 1026 3271 est,
1038 3188 1079 3274 dij
1096 3202 1219 3251 vortant
1232 3189 1319 3252 bene.
1345 3214 1390 3267 115
