3359 4225
284 548 367 613 nes.
383 547 544 634 ,sss-1
660 535 1009 617 nrmouffius
1339 557 1391 639 37

414 733 593 813 benevale,
617 733 778 813 Amerina,
801 748 895 816 atque
917 731 1095 795 memineris
1118 730 1190 794 mei.
1358 742 1390 805 6⁵

283 821 366 886 Arne.
412 821 454 886 Et
476 838 522 903 tu,
545 818 745 906 Pantomage,
768 836 799 883 et
822 819 999 883 memineris
1022 820 1117 883 herae.

285 908 391 974 Panto.
1111 904 1293 968 meminero.

283 995 366 1060 Arne.
413 996 482 1059 Hac
504 1010 596 1059 nocte
618 1016 650 1058 se
673 1010 839 1059 venturum
862 996 901 1058 ad
923 994 1029 1056 heram
1052 992 1190 1074 promisit
1213 988 1389 1071 Erophilus,

414 1104 509 1167 quem
524 1082 609 1167 Julia
622 1098 763 1165 expectat
778 1080 918 1162 sollicite,
929 1096 1022 1164 atque
1036 1101 1147 1143 eccum
1159 1075 1391 1141 Pantaleonem.

572 1310 740 1383 AcTus
769 1333 803 1403 3.
858 1310 1025 1382 scENn
1053 1319 1099 1404 5².

658 1461 811 1525 Pantaleo.
857 1460 1012 1523 Amerina.

286 1579 400 1646 Panto.
416 1580 512 1646 Satin'
534 1597 602 1647 tuta
625 1582 753 1646 omnia?
783 1582 926 1647 nullusne
949 1583 1066 1667 insidijs
1087 1578 1196 1645 locus?

418 1668 610 1751 speculatum
633 1672 694 1733 huc
717 1673 807 1733 herus
831 1694 882 1734 me
904 1670 1051 1753 praemisit
1073 1690 1169 1732 meus.

417 1756 525 1839 Atque
545 1779 655 1820 eccum
679 1758 873 1821 Amerinam.
919 1772 951 1819 vt
973 1779 1005 1820 se
1028 1778 1074 1819 res
1096 1756 1210 1818 habent
1232 1748 1373 1817 nostrael

287 1840 369 1907 Ante.
414 1842 511 1924 Bene,
534 1840 690 1924 Pantaleo,
713 1859 806 1927 atque
828 1859 862 1906 vt
884 1844 976 1926 cupio
999 1844 1144 1925 maxime,
1275 1839 1393 1924 [cubat,

420 1929 598 2012 Alphonsus
625 1946 764 2014 aegrotat,
787 1946 881 2015 atque
907 1932 939 1994 in
966 1930 1091 1994 remotis
1116 1928 1231 1992 aedium
1256 1927 1394 2010 partibus

418 2031 521 2079 noster
542 2033 647 2080 autem
671 2018 823 2082 Cerberus
845 2017 937 2082 lassus
958 2017 1059 2080 stertit
1081 2014 1207 2095 Sannio,
1376 2025 1393 2077 6

419 2104 509 2186 coqui
532 2106 706 2188 quiescunt,
728 2128 787 2192 ego
808 2122 911 2170 custos
934 2104 1039 2169 relicta
1060 2125 1129 2167 sum
1151 2102 1276 2166 aedibus.

418 2190 491 2273 Jam
514 2192 656 2256 introibo.
702 2194 793 2256 herus
814 2209 887 2257 tuus
909 2215 982 2256 cum
1004 2190 1160 2255 advenerit

418 2278 499 2341 hanc
522 2279 594 2342 iube
616 2279 782 2342 fenestram
804 2279 922 2363 pultare
945 2279 1073 2363 placide,

419 2364 450 2426 id
472 2365 529 2428 erit
551 2366 674 2450 signum
697 2382 730 2429 vt
753 2366 977 2431 intromittatur
999 2366 1090 2430 illico.
1364 2391 1395 2427 10

288 2450 400 2515 Panto.
417 2449 571 2515 Faeliciter
593 2453 707 2516 omnia.
744 2454 796 2516 sed
818 2477 913 2538 quam
936 2454 987 2517 hic
1009 2467 1107 2540 gestas
1128 2450 1264 2536 aquam?

287 2536 371 2601 Arne.
416 2538 540 2602 Nescio.
584 2562 653 2602 eam
676 2540 752 2602 mihi
775 2541 956 2604 servandam
980 2539 1188 2624 Pantomagus
1209 2537 1304 2602 dedit.

418 2624 495 2706 vale,
518 2624 674 2690 Pantaleo.

287 2712 402 2777 Panta.
677 2730 709 2777 et
731 2731 776 2796 tu,
800 2715 961 2778 Amerina.
998 2714 1051 2777 sed
1072 2714 1189 2778 audin?

419 2821 460 2862 ne
481 2800 607 2863 obsecro
630 2801 687 2863 hac
709 2817 802 2865 nocte
824 2803 967 2866 somnies.
1040 2849 1043 2854 -

291 2885 375 2950 Ante.
983 2888 1061 2951 nihil
1084 2887 1114 2950 id
1136 2886 1262 2971 quidem
1284 2899 1340 2949 est.

421 2974 574 3057 Nunquid
597 2974 641 3037 nil
664 2975 797 3057 postulas
819 2974 973 3058 amplius?
1008 2976 1101 3038 nimis
1123 2976 1175 3038 hic
1197 2973 1251 3037 diu
1273 2993 1396 3054 maneo,

421 3059 450 3122 id
474 3075 580 3125 metuo
602 3084 642 3124 ne
664 3063 793 3125 miretur
815 3061 961 3128 Scaevola.
1365 3073 1396 3125 16

290 3147 404 3212 Panto.
421 3146 507 3210 Bene
529 3169 576 3210 res
597 3149 752 3212 successit.
797 3171 870 3212 ecce
893 3163 1084 3213 concurrunt
1106 3148 1222 3228 omnia,

423 3233 602 3316 Alphonsus
624 3252 764 3322 aegrotat,
787 3237 901 3299 dormit
924 3235 1048 3316 Sannio,

422 3321 575 3384 Amerina
597 3322 712 3386 foribus
734 3322 838 3386 relicta
861 3323 994 3387 ianitrix.

423 3405 486 3472 Cui
509 3407 549 3494 dij
572 3424 645 3473 sunt
667 3409 802 3496 propitij,
825 3410 853 3473 ei
875 3431 940 3473 non
962 3431 1027 3473 esse
1048 3409 1141 3472 iratos
1162 3423 1248 3490 puto.
1367 3438 1401 3474 ao
