3359 4225
282 520 365 585 Aer.
386 541 414 603 1,
429 518 477 585 Sc
494 522 544 605 4⁸]
661 512 1010 590 HYMENAEUS

610 731 724 804 ACT.
758 755 787 803 1.
842 731 984 804 SCEN.
1012 742 1062 822 4².

703 905 860 989 saprum
883 905 962 968 sorus.

409 1042 543 1125 Aedipol
565 1043 620 1106 iste
640 1043 703 1105 dies
717 1064 875 1125 perversus
889 1055 983 1125 atque
1003 1040 1145 1104 adversus
1165 1040 1242 1103 mihi
1262 1042 1385 1124 accidit,

413 1130 467 1212 qui
490 1130 679 1212 perturbavit
700 1151 809 1191 omnes
831 1129 964 1191 rationes
986 1128 1074 1209 mihi,

410 1238 468 1279 nec
480 1217 554 1299 quid
566 1217 701 1299 primum
713 1215 817 1297 velim,
828 1230 882 1279 aut
897 1215 1005 1296 nolim,
1017 1214 1242 1301 cogitabundus
1257 1215 1391 1298 invenio,

414 1304 456 1367 ita
477 1304 577 1390 agitor
598 1304 690 1366 miser
713 1303 744 1365 in
767 1303 880 1365 amoris
902 1317 978 1384 rota,

412 1412 483 1473 quae
508 1404 600 1473 caput
622 1390 699 1452 mihi
723 1390 881 1472 perturbat
903 1390 1063 1476 vertigine.
1374 1417 1389 1467 5

412 1498 470 1540 nec
494 1475 608 1540 bellurn
631 1497 715 1563 gero,
736 1497 794 1539 nec
818 1499 926 1559 pacem
951 1476 1084 1557 invenio,

416 1564 537 1647 fugiens
557 1564 701 1645 consisto,
724 1579 805 1627 stans
828 1564 924 1647 fugio,

412 1650 515 1713 nullus
536 1665 581 1713 est
603 1651 691 1734 ignis,
713 1663 745 1712 et
768 1665 852 1713 totus
873 1650 974 1712 ardeo.

412 1736 500 1810 Quid
522 1759 608 1800 nunc
630 1737 686 1800 tibi
709 1737 885 1799 faciendum
909 1758 1023 1817 censes,
1047 1734 1216 1819 Erophile?

412 1824 508 1907 quid?
539 1825 594 1887 tibi
616 1824 785 1886 vivendum
809 1840 853 1886 est
875 1822 930 1886 soli
954 1824 1018 1886 sine
1041 1822 1115 1886 illa?
1358 1854 1390 1889 10

412 1911 482 1974 Nec
505 1925 610 1974 tecum
632 1932 690 1973 nec
713 1912 778 1973 sine
801 1925 832 1973 te
855 1912 956 1973 vivere
979 1931 1113 1993 possum,
1136 1909 1230 1993 Julia‚

413 1997 499 2062 nulla
520 1999 596 2061 mihi
619 1997 789 2080 expetenda
810 1998 874 2060 vita
896 2012 950 2078 est,
973 1998 1026 2060 abs
1048 2011 1079 2059 te
1101 1997 1124 2059 si
1147 1995 1307 2060 distrahor.

413 2084 501 2160 Quid
523 2086 547 2149 si
570 2106 675 2149 senem
699 2085 760 2148 iam
785 2084 897 2147 iterum
919 2082 1052 2148 adeam?

414 2173 517 2253 orabo,
540 2173 704 2236 obsecrabo
726 2194 766 2234 ne
788 2172 865 2233 mihi
888 2184 1074 2235 succenseat.

415 2260 516 2323 forsan
539 2261 589 2323 vbi
613 2258 655 2322 illi
679 2259 835 2321 iracundia
857 2258 1052 2337 deferbuerit,

415 2348 548 2410 exorabo
571 2345 659 2409 illum
680 2367 721 2408 ne
742 2346 850 2408 saeviat
871 2360 1039 2427 tantopere.

416 2433 464 2498 Ita
486 2434 585 2497 facere
608 2448 728 2496 certum
751 2447 806 2495 est.
847 2432 922 2515 quid
943 2434 1018 2516 agis,
1041 2431 1171 2496 stolide?

414 2520 536 2603 quidsi
560 2535 590 2583 te
612 2520 699 2582 novis
720 2519 854 2603 excipiat
876 2518 1095 2603 contumelijs?

414 2606 488 2690 quid
498 2604 653 2670 facturus?
667 2604 759 2689 quid?
776 2628 830 2689 par
839 2606 902 2689 pari
915 2604 1055 2687 referam,
1064 2605 1147 2689 quod
1157 2629 1229 2670 eum
1238 2608 1387 2673 mordeat.

416 2694 475 2758 Eia
497 2716 561 2756 non
584 2693 683 2772 decet,
706 2693 750 2755 sic
773 2715 819 2756 res
841 2694 873 2755 in
895 2713 1016 2774 pessum
1040 2708 1116 2773 ruet,
1355 2727 1388 2762 ιο

414 2796 446 2844 et
469 2796 499 2844 te
521 2781 636 2863 perdes,
658 2795 700 2861 et,
722 2780 806 2863 quod
827 2780 883 2843 tibi
906 2779 1037 2861 charius,
1059 2779 1185 2863 Juliam.

416 2867 504 2941 Quid
526 2868 550 2931 si
572 2881 677 2930 autern
700 2867 793 2929 istum
816 2865 908 2952 longe
930 2865 1034 2930 locum
1059 2867 1184 2949 deseras,

415 2971 450 3018 vt
473 2952 633 3017 intervallo
654 2952 762 3016 saltem
786 2974 942 3016 aerumnas
965 2952 1068 3017 leves?

416 3041 504 3105 Nihil
526 3041 599 3125 agis,
622 3038 701 3102 fixus
723 3040 773 3103 hic
789 3062 820 3103 es
843 3039 905 3103 telo
928 3039 1102 3123 Cupidinis,

415 3128 544 3212 remigio
565 3126 694 3210 veloque
716 3127 825 3190 festina
846 3142 998 3210 quantum
1022 3143 1116 3210 potes,

416 3237 478 3298 quo
500 3230 531 3276 te
553 3214 585 3275 in
607 3213 706 3277 altum
728 3215 855 3296 capessis
877 3214 983 3298 magiS,

416 3302 476 3364 hoc
499 3317 530 3363 te
552 3316 644 3363 aestus
664 3301 776 3364 amoris
798 3303 895 3384 magis
918 3302 949 3363 in
972 3316 1096 3383 portum
1121 3302 1238 3364 referet.

417 3388 499 3450 Haec
521 3387 678 3470 quondam
701 3388 777 3449 mihi
801 3405 905 3469 portus
927 3386 1065 3451 salutaris
1085 3387 1205 3469 domus,

416 3475 497 3537 hanc
519 3473 681 3555 scopulum
705 3496 791 3537 nunc
813 3497 905 3537 senex
928 3475 1108 3556 suspiciosus
1130 3475 1269 3539 reddidit.
