3359 4225
259 471 342 599 mss
362 553 391 616 1,
406 532 454 598 sc.
471 535 519 620 φ]
637 522 986 601 HYMENAEUS

392 719 529 804 “Apage
551 741 614 783 non
639 720 737 801 decet,
760 741 824 782 non
849 719 906 780 isto
928 719 987 781 hoc
1011 715 1064 781 fiet
1087 714 1213 781 modo.”

262 808 350 872 Cam.
390 806 487 880 Quod
509 808 532 870 si
556 822 587 870 te
609 807 670 870 suis
693 806 852 868 interdixit
875 805 1003 886 aedibus,

392 910 424 958 at
445 894 528 956 vives
550 909 657 957 tamen
681 892 723 955 illi
746 915 841 977 quarn
864 890 929 955 fieri
955 907 1055 974 potest
1077 913 1180 973 prope.

397 979 488 1045 Pater
510 981 584 1043 hinc
607 1002 694 1043 meus
715 981 800 1043 abest
821 1001 946 1064 peregre
968 977 1096 1060 Lucius,

395 1082 426 1130 et
448 1089 499 1130 me
522 1067 681 1131 custodem
706 1067 788 1129 hisce
812 1065 935 1149 reliquit
958 1066 1084 1146 aedibus,

394 1154 474 1236 apud
497 1175 548 1217 me
570 1154 676 1217 victita
699 1153 846 1237 quamdiu
868 1152 1008 1215 volueris.

264 1242 335 1306 Ero.
395 1242 441 1304 At
463 1262 616 1324 nusquam
639 1242 718 1321 vivo,
741 1240 797 1303 nisi
822 1241 883 1321 hic,
907 1238 1051 1320 Camille,
1073 1238 1154 1301 vivo.

265 1328 376 1392 Panto.
399 1326 487 1401 Quid
508 1342 544 1390 tu
567 1327 636 1407 hoc,
659 1328 741 1409 here,
765 1327 826 1389 iam
849 1327 926 1389 serio
949 1324 1054 1388 doles?
1336 1353 1367 1401 ²5

396 1437 436 1478 an
458 1413 567 1477 nullibi
591 1429 797 1497 praeterquam
820 1414 852 1475 in
875 1412 1029 1495 Alphonsi
1052 1411 1170 1475 aedibus
1190 1408 1326 1473 vivitur?

289 1562 292 1566 ,
396 1501 470 1585 quid
492 1501 515 1563 si
539 1499 614 1580 sole,
637 1523 716 1582 aere,
739 1522 828 1583 aqua,
852 1500 933 1586 igne,
957 1499 1053 1582 patria

398 1588 593 1651 interdiceret
614 1587 681 1668 tibi,
704 1587 778 1671 quid
801 1602 870 1650 tum
894 1586 1030 1649 faceres?

267 1674 338 1738 Ero.
398 1672 529 1737 Mallem
552 1674 759 1737 haecomnia.
805 1674 867 1737 iam
889 1674 998 1737 carebo
1019 1674 1126 1755 patria,

399 1776 485 1824 extra
507 1763 561 1824 has
583 1760 664 1823 aedes
685 1761 862 1843 vbicunque
884 1760 1012 1823 demum
1034 1761 1148 1823 vixero.

268 1848 380 1912 Panto.
400 1846 520 1910 Siccine
542 1868 667 1930 operam
690 1848 741 1910 das
763 1845 987 1930 philosophiae?

398 1936 437 1997 sit
459 1956 531 2018 ergo
553 1935 608 1997 tibi
632 1936 738 2017 patria,
762 1934 937 2017 vbicunque
959 1948 1004 1996 est
1025 1932 1113 1995 bene.

269 2022 340 2086 Ero.
401 2020 486 2107 Ergo
507 2022 584 2083 mihi
607 2020 692 2084 nulla
714 2021 783 2100 erit,
806 2021 857 2083 cui
879 2021 992 2104 vbique
1014 2020 1073 2083 erit
1095 2018 1185 2082 male.

270 2109 383 2174 Ponto.
400 2109 447 2172 At
469 2108 626 2192 quomodo
647 2125 733 2171 extra
756 2109 810 2172 has
832 2106 914 2172 aedes
935 2129 1004 2171 aere

400 2196 525 2277 carebis,
547 2216 610 2278 quo
632 2195 697 2258 sine
720 2196 828 2278 nequis
849 2194 972 2258 vivere?

271 2283 342 2347 Ero.
404 2283 523 2345 Anima
544 2303 608 2345 non
631 2283 759 2363 animat,
781 2283 837 2346 nisi
861 2282 911 2345 vbi
934 2297 1031 2360 amat,
1054 2279 1212 2344 Pantaleo.

270 2369 383 2435 Panto.
399 2368 447 2433 Vt
468 2391 556 2432 suam
578 2369 669 2432 herus
692 2370 782 2432 docte
803 2369 941 2432 defendit
963 2365 1147 2431 mollitiem!

271 2455 343 2520 Ero.
402 2455 491 2521 Itane
513 2454 663 2518 tandem?
692 2457 822 2519 verbum
845 2457 869 2518 si
892 2454 1088 2519 addideris-

271 2542 384 2606 Panta.
404 2543 489 2606 Hem
511 2540 582 2605 illoc
604 2542 697 2605 verbo
719 2565 781 2606 esse
804 2565 855 2606 me
875 2564 997 2606 servum
1019 2543 1093 2621 scio,

402 2628 454 2691 sed
476 2629 549 2713 quid
574 2628 726 2693 Camillus
748 2629 972 2713 cogitabundus
993 2628 1155 2692 constitit?

274 2716 360 2780 Cam.
404 2715 540 2799 Nequeo
562 2717 665 2779 mirari
687 2716 768 2798 satis,
790 2737 847 2779 cur
869 2717 928 2779 hoc
950 2715 1130 2798 Alphonsus
1152 2715 1268 2797 fecerit,

403 2803 459 2866 nisi
482 2818 516 2866 vt
539 2803 638 2865 tenaci
661 2818 707 2866 est
729 2819 760 2866 et
782 2804 860 2866 duro
882 2803 1017 2886 ingenio,

403 2888 503 2953 locare
524 2888 641 2972 Juliam
663 2890 748 2972 cupit
771 2888 963 2976 Pantomago
985 2889 1115 2971 medico,

402 2976 453 3039 cui
477 2992 587 3058 praeter
607 2998 680 3058 opes
701 2999 719 3039 a
741 2991 826 3059 patre
849 2976 968 3040 relictas
988 2998 1055 3057 suo,

405 3062 554 3126 doctrinae
578 3084 618 3125 ne
641 3063 722 3127 mica
743 3078 799 3145 est,
822 3085 880 3126 nec
902 3062 978 3126 adeo
1000 3063 1128 3149 ingenij.

275 3149 346 3213 Ero.
407 3149 489 3213 Rem
512 3165 598 3213 tenes
621 3150 727 3232 ipsam,
750 3151 794 3214 sie
816 3165 861 3214 est
883 3164 917 3212 vt
939 3171 1050 3213 narras.

277 3236 363 3301 Cam.
409 3236 459 3301 sic
481 3258 606 3299 mecum
629 3236 827 3319 Alphonsum
849 3258 948 3319 nuper
969 3235 1109 3300 locutum
1132 3236 1271 3300 memini.

407 3322 532 3386 Nostin'
556 3323 657 3408 inquit
679 3322 907 3407 Pantomagum
929 3322 1108 3386 medicum?

408 3409 472 3474 imo
494 3409 689 3493 Empiricum
712 3412 880 3495 (inquam),
902 3432 996 3474 nemo
1018 3410 1137 3473 melius.

408 3498 481 3561 hem
502 3497 634 3582 (inquit)
656 3519 711 3560 cur
733 3499 818 3562 hunc
840 3496 1036 3580 Empiricum
1059 3496 1225 3561 nominas?
