3359 4225
287 521 338 602 68
579 520 861 601 TEXTUAL
901 519 1092 601 NOTES

284 728 319 785 ⁹⁰
334 723 545 834 ffeermtiriirsmliiid
556 718 842 858 JJhdsmtirtdnidilowing
857 796 979 857 passage:

354 849 396 899 Gr.
464 855 491 897 vt
507 863 534 897 se
550 855 678 898 excusavit
694 848 787 912 lepide,
804 848 850 897 sed
866 846 952 896 audm'
968 846 1028 897 here

351 915 427 964 Part.
464 912 534 976 Quid

354 979 397 1029 Go.
562 978 614 1028 Hic
630 977 676 1027 tibi
692 983 760 1027 certe
775 976 923 1028 consuluisti
940 976 1006 1027 male

350 1045 428 1094 Part.
464 1042 534 1107 Quid
549 1043 585 1092 ita

355 1110 398 1159 Go.
596 1109 672 1158 Hanc
688 1107 735 1157 tibi
752 1108 937 1158 excusationem

465 1173 555 1239 Nuper
571 1174 643 1237 Fabij
661 1172 783 1238 parasitus
799 1172 928 1237 praeripuit

352 1240 429 1291 Part.
466 1238 550 1302 Quem
566 1246 593 1289 tu
609 1238 746 1303 parasitum
762 1253 848 1288 narras
864 1237 1004 1300 [corrected
1019 1236 1085 1287 from
1102 1236 1232 1287 ‘nominas
1241 1236 1259 1298 ']
1275 1235 1339 1286 mihi

354 1306 397 1355 Go.
466 1304 633 1355 Communem
650 1303 721 1353 illum
737 1302 779 1353 hic
795 1303 822 1354 in
837 1302 963 1368 proximo,
979 1303 1064 1369 itaque
1081 1308 1191 1354 veterem
1206 1302 1302 1354 credidi

352 1371 428 1420 Pani.
465 1385 522 1420 mea
538 1376 591 1419 erat

355 1436 398 1485 Go.
593 1434 671 1484 fertur
687 1433 802 1498 inprimis

288 1509 322 1631 a
454 1499 616 1613 Jer-

287 1630 321 1697 98
352 1630 413 1680 Hoec
428 1635 491 1677 sunt
505 1630 570 1678 dono
586 1629 744 1678 tn'obuloria.
779 1628 872 1679 CHic
889 1635 947 1678 sunt
963 1627 1118 1679 triobularia.

351 1694 573 1760 quadrantuloria.
604 1693 823 1759 Jquadrantaria.

290 1772 335 1814 101
369 1762 414 1810 At.
448 1759 572 1824 Cotque.

368 1825 463 1891 edepol.
497 1823 624 1889 Jedulia.

289 1902 339 1942 112
370 1898 395 1941 rt
410 1898 438 1939 tu
454 1891 520 1947 item,
530 1890 617 1955 Julia.
649 1888 752 1953 Jgives
768 1889 838 1939 these
855 1889 939 1940 words
955 1896 982 1940 to
998 1888 1155 1941 Fredericus.

289 1968 338 2022 124
368 1956 489 2021 quidest,
508 1963 544 2005 est
558 1956 659 2004 clrolr'co.
690 1955 706 2018 J
724 1954 786 2019 quid
803 1954 896 2019 optiou.

289 2033 337 2086 129
400 2022 471 2086 gives
487 2020 537 2071 this
554 2020 605 2070 line
622 2027 648 2069 to
666 2020 844 2084 Pantomagus.

289 2096 337 2154 137
402 2086 505 2137 Rimula
521 2087 625 2136 rimatur
684 2086 713 2151 p]
729 2085 833 2151 cuspide
848 2091 939 2136 cuncta
954 2085 1035 2135 viator

353 2153 420 2218 quod
434 2154 510 2202 malo.
545 2152 634 2228 Cquo
662 2151 744 2201 a‘d'
760 2151 875 2217 possibly
891 2151 1052 2214 obliterated]
1067 2150 1144 2202 mala.

289 2217 419 2283 138-143
451 2218 573 2281 Wanting
588 2232 614 2266 m
629 2218 654 2281 J.

290 2294 338 2349 140
370 2281 457 2347 [tuque
472 2283 506 2344 rt]
539 2282 634 2332 Ihave
651 2281 762 2331 inserted
777 2281 848 2331 these
864 2281 957 2332 words.

290 2357 338 2413 147
370 2365 387 2398 a
402 2364 469 2397 corna
479 2354 662 2412 proponentur.
693 2347 759 2412 Jad
777 2362 876 2397 coenam
892 2353 1077 2413 praeponentur.

291 2423 337 2479 151
372 2412 446 2464 After
462 2413 512 2463 this
529 2412 579 2462 line
594 2413 610 2476 J
627 2412 673 2462 has

574 2478 631 2527 Tua
648 2476 716 2527 enim
732 2478 821 2527 vmbra
837 2477 931 2528 accedo
947 2477 981 2527 ad
996 2493 1104 2529 coenam.

728 2654 790 2705 ACT
806 2655 845 2704 II.
880 2654 922 2705 Sc.
939 2673 964 2718 4.

293 2787 325 2829 1ο
352 2776 524 2841 percommode.
559 2775 809 2840 Jperaccommode.

293 2840 325 2893 16
356 2841 441 2906 Lucij.
473 2840 590 2907 JAEnej.

294 2919 326 2972 19
357 2907 413 2957 The
429 2906 481 2956 line
497 2905 518 2956 is
535 2905 647 2970 wanting
663 2904 689 2954 in
703 2906 729 2970 J.

291 2984 326 3038 23
357 2974 445 3038 Atque.
475 2970 577 3035 ‘Query,
596 2972 645 3020 ‘At
662 2967 747 3035 quod!

727 3141 787 3190 Aer
805 3141 844 3190 ΙΙ.
877 3139 919 3191 Sc.
939 3154 962 3204 5.

294 3266 326 3308 10
357 3255 521 3307 Hilariorcm.
556 3254 642 3321 JHic
658 3255 807 3306 suaviorem.

292 3332 327 3372 ω
353 3327 443 3385 posset.
474 3320 594 3386 Jpossit.

294 3397 328 3503 :a
358 3387 538 3435 internudiam.
571 3385 814 3437 Csubtermediam.

360 3451 433 3500 solus.
469 3449 597 3501 Csolum.

294 3528 329 3582 44
362 3515 571 3581 stage-directior
587 3516 700 3582 wanting
716 3517 743 3566 in
760 3517 790 3569 C.
