3359 4225
283 511 542 603 lunser-1
702 506 1053 585 HvMENAEUs
1338 530 1392 611 45

285 696 354 761 Grt.
415 698 503 773 Quid
525 722 576 763 me
598 701 654 765 tibi
677 701 773 765 tactio
795 700 863 764 est?
894 701 969 784 quid
991 699 1107 764 vultis?
1139 702 1214 785 quid
1235 699 1393 784 quaeritis?

415 788 440 849 si
463 809 515 851 me
536 789 679 871 attingas,
702 810 775 852 cave
796 788 835 851 sis
859 786 988 852 malum.

577 950 747 1023 ncrus
773 978 808 1041 4.
864 952 1030 1024 scurvn
1055 964 1104 1043 42.

350 1089 509 1174 Bargulus.
555 1091 745 1175 Clopetarius.
773 1092 902 1244 GCahupn
948 1093 1112 1157 Duumvir.
1158 1091 1321 1175 Erophilus.

804 1194 906 1244 atrro.

288 1299 364 1362 Cau.
415 1297 508 1382 Proh,
530 1302 586 1365 viri
611 1299 760 1383 Patavini,
783 1302 861 1365 ferte
882 1323 974 1385 opem
996 1302 1131 1366 obsecro.

286 1386 369 1450 Duu.
417 1385 499 1460 Quis
520 1387 727 1452 vociferatur?
759 1411 810 1452 nae
834 1403 888 1451 tua
910 1412 969 1452 vox
992 1390 1073 1453 valet
1094 1387 1202 1453 valide.

289 1473 366 1537 Cau.
412 1472 530 1539 Nescio
551 1477 620 1559 quis
642 1477 700 1539 hac
723 1491 815 1539 nocte
838 1476 915 1539 meis
938 1477 970 1538 in
994 1477 1121 1559 aedibus,

419 1563 451 1625 in
473 1564 630 1645 hospitum
654 1583 796 1626 meorum
819 1563 964 1626 cubiculo
985 1562 1117 1627 latitavit
1139 1561 1328 1627 clanculum.

417 1664 472 1713 aut
495 1650 576 1713 aedes
598 1650 812 1732 compilatum,
833 1665 888 1713 aut
910 1672 962 1713 eos
983 1652 1120 1714 occisum
1142 1651 1239 1715 venit.
1376 1677 1392 1729 5

419 1737 501 1800 intus
522 1752 688 1821 pugnatur,
711 1752 805 1820 atque
826 1757 937 1800 eccum
959 1739 1059 1820 erupit
1082 1739 1171 1819 foras,

419 1822 638 1906 comprehendi
661 1822 750 1887 illum
773 1824 845 1887 iube
866 1840 1020 1907 quantum
1042 1826 1164 1907 poteris

362 1957 371 1976 .
418 1910 507 1985 Quid
528 1910 634 1974 statis?
663 1911 737 1994 quid
760 1932 826 1974 non
848 1933 922 1975 eum
944 1910 1225 1995 comprehenditis?

417 1997 500 2062 Vide
518 2019 592 2062 cum
609 1998 745 2081 aspicias,
759 1999 784 2060 si
803 2020 877 2061 eum
892 1998 995 2061 vultus
1008 1999 1171 2063 scelestum
1187 2019 1251 2060 non
1267 1997 1392 2063 indicat.

417 2084 517 2166 Tace,
539 2084 613 2170 quid
637 2086 669 2148 in
691 2085 738 2148 his
761 2084 879 2149 aedibus
900 2086 1016 2172 negotij
1040 2100 1085 2151 est
1107 2084 1186 2149 tibi?
1363 2116 1395 2152 ιο

421 2172 510 2246 Quid
531 2175 559 2236 ei
582 2194 668 2235 nunc
690 2173 826 2254 primum
850 2172 1071 2255 respondeam?
1100 2172 1189 2237 nihil.

422 2259 510 2334 Quid
533 2258 654 2323 fecisti?

674 2345 762 2409 nihil.

365 2480 373 2499 .
420 2435 467 2497 At
489 2434 564 2518 quid
586 2447 622 2498 tu
643 2434 694 2498 hic
715 2435 876 2517 quaerebas
898 2432 976 2497 tibi?

994 2543 1115 2604 prorsus
1136 2521 1274 2604 profecto
1296 2521 1384 2587 nihil.

366 2654 374 2671 .
422 2608 468 2671 At
491 2604 567 2670 nihil
590 2609 662 2691 agis,
685 2609 708 2670 si
732 2606 810 2670 nihil
831 2608 875 2670 sic
897 2607 1086 2690 respondeas.

346 2742 355 2759 .
424 2692 515 2757 Dum
538 2716 594 2757 nos
615 2694 795 2776 dormimus,
818 2692 854 2757 fit
876 2697 1018 2777 strepitus
1040 2697 1073 2759 in
1096 2695 1249 2778 cubiculo,
1364 2727 1393 2777 15

421 2782 593 2846 excitamur
613 2796 645 2846 et
667 2804 740 2845 eum
763 2805 780 2844 e
802 2782 877 2846 cista
899 2782 1039 2847 videmus
1059 2805 1191 2866 surgere,

422 2868 473 2932 ille
495 2869 528 2931 in
550 2890 607 2942 nos
628 2868 708 2932 vltro
729 2869 803 2932 facit
825 2869 988 2951 impetum,

422 2957 560 3039 mihique
583 2956 761 3019 commistos
782 2957 930 3042 sanguine
953 2956 1060 3021 dentes
1081 2955 1220 3020 reddidit.

292 3042 359 3108 Gor.
420 3041 502 3106 Proh
525 3043 566 3128 dij
591 3041 789 3124 immortales,
811 3043 887 3126 quid
908 3043 968 3106 hoc
990 3045 1106 3130 negotij
1130 3042 1197 3107 est?

420 3130 588 3193 tandemne
610 3128 776 3212 Erophilus
797 3151 853 3211 pro
875 3129 942 3193 fure
965 3129 1224 3212 deprehenditur?

290 3216 373 3280 Duu.
420 3216 509 3290 Quid
531 3231 566 3279 tu
588 3217 626 3279 ad
648 3218 704 3279 ista
726 3215 911 3298 respondes?
940 3239 1061 3280 rursum
1083 3215 1184 3280 nihil?

290 3302 363 3367 Ero.
423 3303 535 3367 Fateor
557 3324 609 3368 me
630 3325 739 3367 eorum
761 3325 867 3388 pugno
889 3305 1065 3385 percussisse
1087 3302 1229 3386 alterum,

422 3407 584 3474 postquam
607 3413 658 3453 me
680 3390 940 3472 comprehendere
961 3389 1100 3454 voluerit.

289 3476 376 3542 Duu.
421 3477 513 3542 Tum
536 3477 586 3540 ille
609 3499 681 3541 vera
703 3492 864 3540 memorat.
