3359 4225
287 495 372 561 Aer.
389 516 420 582 3,
435 497 484 562 Sc.
503 498 548 583 1⁸]
665 489 1015 567 HYMENAEUS

417 695 585 743 occurrunt
607 680 682 761 laeti,
704 679 848 758 salutant,
870 680 1038 744 adventurn
1061 679 1263 765 gratulantur.

418 765 520 848 Alius,
543 770 564 804 “
573 766 697 847 salvem,
720 767 897 831 suavissime
921 764 1088 832 Gothrio.'’

419 852 519 934 Alius,
542 857 605 918 “vt
628 869 733 917 tecum
755 870 811 934 est,
835 869 938 916 noster
961 851 1152 918 Gothrio?''

418 939 518 1022 Alius,
541 944 610 1003 “en
633 942 688 1003 tibi
712 942 860 1024 cyathum
883 941 957 1020 vini,
980 939 1149 1006 Gothrio.’'

417 1026 507 1089 Tum
528 1027 684 1091 saltatores
706 1027 789 1090 intus
810 1050 888 1111 quos
910 1029 1050 1109 praebent
1073 1025 1177 1091 iocos!

417 1112 494 1177 alius
515 1116 558 1178 sic
580 1114 672 1197 pedes
692 1114 915 1196 circumplicat,

416 1200 493 1264 alius
513 1203 557 1265 sic
578 1224 640 1264 sese
663 1203 695 1263 in
718 1223 829 1287 gyrum
852 1216 987 1284 torquet,

418 1302 485 1351 turn
509 1304 577 1371 post
599 1288 732 1371 singulas
754 1290 910 1351 confectas
932 1290 1058 1352 choreas

419 1374 499 1437 clam
522 1397 627 1439 secum
651 1376 683 1438 in
706 1397 778 1438 aure
801 1392 959 1438 susurrant
980 1376 1106 1459 aliquid.

419 1460 476 1525 Sed
499 1461 550 1524 ille
573 1463 722 1544 inprimis,
745 1462 798 1545 qui
822 1464 938 1544 primus
961 1463 1087 1542 incedit,

420 1548 566 1633 loquendi
590 1570 663 1613 cum
686 1547 772 1631 Julia
794 1570 956 1632 nunquam
979 1548 1076 1612 finem
1098 1550 1182 1614 facit.

345 1681 353 1697 .
418 1634 545 1700 Servum
570 1634 751 1719 Pantomagi
775 1633 986 1701 Gothrionem
1008 1637 1107 1718 video,

418 1722 606 1786 nebulonem
629 1724 713 1786 hunc
736 1722 963 1806 aliquantulum
986 1723 1071 1786 lubet
1094 1724 1208 1805 ludere,

417 1810 503 1892 quasi
526 1811 598 1872 boni
621 1810 695 1893 quid
717 1811 855 1872 evenerit
876 1809 983 1893 loquar
1006 1809 1180 1894 magnifice.

418 1895 474 1981 Dij
499 1896 696 1976 immortales,
719 1897 769 1959 cui
793 1897 912 1959 homini
936 1919 998 1959 vno
1020 1897 1069 1960 die

419 1983 540 2046 dedistis
563 1983 630 2065 plus
651 1984 705 2066 qui
729 1985 876 2046 meruerit
899 1982 1025 2046 minus?

417 2086 494 2155 quot
516 2093 566 2134 me
589 2070 706 2156 laetitijs
728 2070 783 2133 iste
805 2071 944 2134 oneravit
966 2066 1050 2134 dies!

417 2158 515 2239 laude,
539 2158 635 2239 lucro,
657 2158 741 2239 ludo,
763 2158 858 2243 ferijs,

417 2267 541 2328 pompa,
563 2245 780 2327 potationibus,
803 2245 971 2326 saturitate,
995 2241 1128 2328 gaudio!
1362 2276 1395 2324 24

417 2333 479 2395 iam
501 2332 550 2394 vel
571 2332 672 2395 amico
695 2332 833 2414 prodesse
856 2353 979 2414 possum
1002 2332 1050 2396 vel
1073 2332 1236 2396 inimicum
1259 2332 1393 2414 perdere.

348 2467 356 2483 .
416 2418 506 2502 Euge
529 2417 660 2482 basilice.
707 2441 810 2503 regem
833 2421 918 2482 bunc
941 2442 1003 2483 esse
1025 2419 1171 2502 oportuit.

345 2555 352 2571 .
417 2505 510 2570 Proin
532 2527 641 2568 omnes
663 2507 838 2568 admonitos
860 2505 941 2587 volo,
964 2522 997 2570 vt
1019 2506 1193 2586 abscedant,

418 2591 585 2673 discedant,
609 2593 764 2672 recedant,
788 2593 960 2655 concedant
983 2592 1020 2655 de
1043 2594 1101 2656 via.

418 2680 503 2743 Nam
527 2702 614 2742 meus
635 2695 680 2742 est
703 2700 824 2762 pugnus
845 2680 964 2765 sagitta,
1363 2710 1395 2762 29

417 2781 610 2829 tormentum
633 2767 764 2847 cubitus,
788 2782 880 2848 caput
902 2767 989 2848 aries,
1012 2788 1064 2849 pes
1085 2789 1182 2850 equus
1205 2766 1384 2831 indomitus.

348 2902 356 2919 .
416 2851 528 2918 Gestio
551 2854 635 2916 hunc
657 2875 773 2937 equum
797 2855 920 2937 agitare.

416 2941 506 3005 Itane
527 2939 661 3003 ferocem
685 2940 835 3003 hordeum
858 2938 1011 3003 reddidit?
1043 2940 1125 3004 holla
1148 2963 1175 3005 c.

419 3028 504 3090 Hem
526 3025 624 3110 quid?
654 3041 730 3089 tune
752 3048 826 3108 eras,
851 3026 1034 3090 Leonarde?

418 3115 541 3200 ignosce
563 3114 700 3194 obsecro,
722 3136 838 3197 equum
862 3128 892 3176 te
915 3136 978 3176 esse
999 3113 1124 3176 credidi.

344 3250 352 3267 .
415 3202 501 3264 Hem
523 3201 723 3282 parasitorum
746 3200 849 3280 decus,
873 3216 948 3262 tune
971 3200 1021 3263 hic
1043 3198 1131 3262 eras?

416 3288 469 3352 sed
491 3288 560 3370 quis
582 3287 652 3350 inde
675 3285 852 3370 egreditur?
884 3287 1007 3372 ignosce
1029 3287 1165 3368 obsecro,

417 3375 538 3439 asinum
561 3389 592 3437 te
614 3396 676 3437 esse
698 3374 822 3437 credidi.

348 3460 973 3545 .fflmmoefflmwm
