<?xml version="1.0" encoding="UTF-8"?>
<!DOCTYPE html PUBLIC "-//W3C//DTD XHTML 1.0 Transitional//EN"
    "http://www.w3.org/TR/xhtml1/DTD/xhtml1-transitional.dtd">
<html xmlns="http://www.w3.org/1999/xhtml" xml:lang="en" lang="en">
 <head>
  <title>
</title>
<meta http-equiv="Content-Type" content="text/html;charset=utf-8" />
  <meta name='ocr-system' content='tesseract 3.04.00' />
  <meta name='ocr-capabilities' content='ocr_page ocr_carea ocr_par ocr_line ocrx_word'/>
</head>
<body>
  <div class='ocr_page' id='page_1' title='image "./hymenusacomedya01smitgoog_0032.png"; bbox 0 0 3359 4225; ppageno 0'>
   <div class='ocr_carea' id='block_1_1' title="bbox 684 527 1421 619">
    <p class='ocr_par' dir='ltr' id='par_1_1' title="bbox 684 527 1421 619">
     <span class='ocr_line' id='line_1_1' title="bbox 684 527 1421 619; baseline -0.009 -13"><span class='ocrx_word' id='word_1_1' title='bbox 684 527 1035 606; x_wconf 85' lang='lat' dir='ltr'><strong>HYMENAEUS</strong></span> <span class='ocrx_word' id='word_1_2' title='bbox 1155 536 1254 619; x_wconf 82' lang='lat' dir='ltr'>[Aer.</span> <span class='ocrx_word' id='word_1_3' title='bbox 1273 555 1301 617; x_wconf 91' lang='lat'>1,</span> <span class='ocrx_word' id='word_1_4' title='bbox 1317 536 1366 600; x_wconf 87' lang='lat' dir='ltr'>sc.</span> <span class='ocrx_word' id='word_1_5' title='bbox 1388 541 1421 597; x_wconf 83' lang='lat'>1⁸</span> 
     </span>
    </p>
   </div>
   <div class='ocr_carea' id='block_1_2' title="bbox 440 722 1418 891">
    <p class='ocr_par' dir='ltr' id='par_1_2' title="bbox 440 722 1418 891">
     <span class='ocr_line' id='line_1_2' title="bbox 441 722 1150 809; baseline -0.001 -22"><span class='ocrx_word' id='word_1_6' title='bbox 441 722 623 809; x_wconf 87' lang='lat' dir='ltr'>Syllogismo</span> <span class='ocrx_word' id='word_1_7' title='bbox 645 745 683 785; x_wconf 86' lang='lat' dir='ltr'>ex</span> <span class='ocrx_word' id='word_1_8' title='bbox 705 722 802 785; x_wconf 90' lang='lat' dir='ltr'>tribus</span> <span class='ocrx_word' id='word_1_9' title='bbox 823 736 984 785; x_wconf 85' lang='lat' dir='ltr'><strong>constante</strong></span> <span class='ocrx_word' id='word_1_10' title='bbox 1005 722 1150 804; x_wconf 85' lang='lat' dir='ltr'>partibus,</span> 
     </span>
     <span class='ocr_line' id='line_1_3' title="bbox 440 807 1418 891; baseline 0.004 -18"><span class='ocrx_word' id='word_1_11' title='bbox 440 832 504 874; x_wconf 94' lang='lat' dir='ltr'>non</span> <span class='ocrx_word' id='word_1_12' title='bbox 527 824 633 872; x_wconf 89' lang='lat' dir='ltr'>amant</span> <span class='ocrx_word' id='word_1_13' title='bbox 655 808 799 872; x_wconf 85' lang='lat' dir='ltr'>mulieres</span> <span class='ocrx_word' id='word_1_14' title='bbox 821 809 1015 871; x_wconf 84' lang='lat' dir='ltr'>excursiones</span> <span class='ocrx_word' id='word_1_15' title='bbox 1038 807 1230 875; x_wconf 86' lang='lat' dir='ltr'>Rhetoricas.</span> <span class='ocrx_word' id='word_1_16' title='bbox 1384 841 1418 891; x_wconf 78' lang='lat'>³0</span> 
     </span>
    </p>
   </div>
   <div class='ocr_carea' id='block_1_3' title="bbox 372 894 1190 983">
    <p class='ocr_par' dir='ltr' id='par_1_3' title="bbox 372 894 1190 983">
     <span class='ocr_line' id='line_1_4' title="bbox 372 894 1190 983; baseline -0.001 -22"><span class='ocrx_word' id='word_1_17' title='bbox 372 944 379 961; x_wconf 97' lang='lat'>.</span> <span class='ocrx_word' id='word_1_18' title='bbox 439 897 509 983; x_wconf 90' lang='lat' dir='ltr'>Ego</span> <span class='ocrx_word' id='word_1_19' title='bbox 532 896 707 959; x_wconf 87' lang='lat' dir='ltr'>rhetoricari</span> <span class='ocrx_word' id='word_1_20' title='bbox 730 918 794 958; x_wconf 96' lang='lat' dir='ltr'>non</span> <span class='ocrx_word' id='word_1_21' title='bbox 817 895 921 976; x_wconf 91' lang='lat' dir='ltr'>didici,</span> <span class='ocrx_word' id='word_1_22' title='bbox 943 894 996 958; x_wconf 88' lang='lat' dir='ltr'>sed</span> <span class='ocrx_word' id='word_1_23' title='bbox 1017 895 1041 957; x_wconf 90' lang='lat' dir='ltr'>si</span> <span class='ocrx_word' id='word_1_24' title='bbox 1065 918 1190 960; x_wconf 90' lang='lat' dir='ltr'>mecum</span> 
     </span>
    </p>
   </div>
   <div class='ocr_carea' id='block_1_4' title="bbox 312 2024 381 2176">
    <p class='ocr_par' dir='ltr' id='par_1_4' title="bbox 312 2024 381 2176">
     <span class='ocr_line' id='line_1_5' title="bbox 312 2024 378 2089; baseline 0.015 -1"><span class='ocrx_word' id='word_1_25' title='bbox 312 2024 378 2089; x_wconf 81' lang='lat' dir='ltr'>Leo.</span> 
     </span>
     <span class='ocr_line' id='line_1_6' title="bbox 314 2110 381 2176; baseline 0.03 -2"><span class='ocrx_word' id='word_1_26' title='bbox 314 2110 381 2176; x_wconf 82' lang='lat' dir='ltr'>Fre.</span> 
     </span>
    </p>
   </div>
   <div class='ocr_carea' id='block_1_5' title="bbox 312 2371 418 2524">
    <p class='ocr_par' dir='ltr' id='par_1_5' title="bbox 312 2371 418 2524">
     <span class='ocr_line' id='line_1_7' title="bbox 313 2371 379 2436; baseline 0 0"><span class='ocrx_word' id='word_1_27' title='bbox 313 2371 379 2436; x_wconf 81' lang='lat' dir='ltr'>Leo.</span> 
     </span>
     <span class='ocr_line' id='line_1_8' title="bbox 312 2457 418 2524; baseline -0.019 -1"><span class='ocrx_word' id='word_1_28' title='bbox 312 2457 418 2524; x_wconf 87' lang='lat' dir='ltr'>Panto.</span> 
     </span>
    </p>
   </div>
   <div class='ocr_carea' id='block_1_6' title="bbox 312 2631 418 2870">
    <p class='ocr_par' dir='ltr' id='par_1_6' title="bbox 312 2631 418 2870">
     <span class='ocr_line' id='line_1_9' title="bbox 314 2631 381 2696; baseline 0 0"><span class='ocrx_word' id='word_1_29' title='bbox 314 2631 381 2696; x_wconf 81' lang='lat' dir='ltr'>Got.</span> 
     </span>
     <span class='ocr_line' id='line_1_10' title="bbox 312 2717 418 2784; baseline 0 -1"><span class='ocrx_word' id='word_1_30' title='bbox 312 2717 418 2784; x_wconf 87' lang='lat' dir='ltr'>Panto.</span> 
     </span>
     <span class='ocr_line' id='line_1_11' title="bbox 313 2804 381 2870; baseline 0.015 -1"><span class='ocrx_word' id='word_1_31' title='bbox 313 2804 381 2870; x_wconf 84' lang='lat' dir='ltr'>Got.</span> 
     </span>
    </p>
   </div>
   <div class='ocr_carea' id='block_1_7' title="bbox 312 3064 380 3128">
    <p class='ocr_par' dir='ltr' id='par_1_7' title="bbox 312 3064 380 3128">
     <span class='ocr_line' id='line_1_12' title="bbox 312 3064 380 3128; baseline 0.015 -1"><span class='ocrx_word' id='word_1_32' title='bbox 312 3064 380 3128; x_wconf 82' lang='lat' dir='ltr'>Fre.</span> 
     </span>
    </p>
   </div>
   <div class='ocr_carea' id='block_1_8' title="bbox 311 3237 419 3564">
    <p class='ocr_par' dir='ltr' id='par_1_8' title="bbox 311 3237 419 3564">
     <span class='ocr_line' id='line_1_13' title="bbox 312 3237 419 3303; baseline 0 0"><span class='ocrx_word' id='word_1_33' title='bbox 312 3237 419 3303; x_wconf 83' lang='lat' dir='ltr'>Ponto.</span> 
     </span>
     <span class='ocr_line' id='line_1_14' title="bbox 313 3324 381 3390; baseline 0 0"><span class='ocrx_word' id='word_1_34' title='bbox 313 3324 381 3390; x_wconf 85' lang='lat' dir='ltr'>Got.</span> 
     </span>
     <span class='ocr_line' id='line_1_15' title="bbox 312 3410 419 3477; baseline 0.009 -1"><span class='ocrx_word' id='word_1_35' title='bbox 312 3410 419 3477; x_wconf 81' lang='lat' dir='ltr'>Ponto.</span> 
     </span>
     <span class='ocr_line' id='line_1_16' title="bbox 311 3498 379 3564; baseline 0.015 -1"><span class='ocrx_word' id='word_1_36' title='bbox 311 3498 379 3564; x_wconf 84' lang='lat' dir='ltr'>Fre.</span> 
     </span>
    </p>
   </div>
   <div class='ocr_carea' id='block_1_9' title="bbox 441 981 1419 3579">
    <p class='ocr_par' dir='ltr' id='par_1_9' title="bbox 441 981 1419 2023">
     <span class='ocr_line' id='line_1_17' title="bbox 443 981 982 1063; baseline -0.007 -17"><span class='ocrx_word' id='word_1_37' title='bbox 443 983 486 1046; x_wconf 92' lang='lat' dir='ltr'>illi</span> <span class='ocrx_word' id='word_1_38' title='bbox 510 984 734 1045; x_wconf 90' lang='lat' dir='ltr'>homunciones</span> <span class='ocrx_word' id='word_1_39' title='bbox 756 981 982 1063; x_wconf 84' lang='lat' dir='ltr'>contenderint,</span> 
     </span>
     <span class='ocr_line' id='line_1_18' title="bbox 441 1069 1097 1151; baseline -0.005 -18"><span class='ocrx_word' id='word_1_40' title='bbox 441 1071 532 1134; x_wconf 89' lang='lat' dir='ltr'>verba</span> <span class='ocrx_word' id='word_1_41' title='bbox 553 1070 577 1132; x_wconf 90' lang='lat' dir='ltr'>si</span> <span class='ocrx_word' id='word_1_42' title='bbox 602 1070 710 1150; x_wconf 78' lang='lat' dir='ltr'>desint,</span> <span class='ocrx_word' id='word_1_43' title='bbox 733 1069 812 1131; x_wconf 89' lang='lat' dir='ltr'>dabo</span> <span class='ocrx_word' id='word_1_44' title='bbox 834 1084 939 1132; x_wconf 88' lang='lat' dir='ltr'>tamen</span> <span class='ocrx_word' id='word_1_45' title='bbox 961 1070 1097 1151; x_wconf 86' lang='lat' dir='ltr'>verbera,</span> 
     </span>
     <span class='ocr_line' id='line_1_19' title="bbox 441 1154 1159 1239; baseline 0.004 -21"><span class='ocrx_word' id='word_1_46' title='bbox 441 1156 490 1220; x_wconf 91' lang='lat' dir='ltr'>vel</span> <span class='ocrx_word' id='word_1_47' title='bbox 513 1178 564 1219; x_wconf 90' lang='lat' dir='ltr'>eos</span> <span class='ocrx_word' id='word_1_48' title='bbox 587 1156 688 1239; x_wconf 91' lang='lat' dir='ltr'>potius</span> <span class='ocrx_word' id='word_1_49' title='bbox 709 1155 820 1219; x_wconf 91' lang='lat' dir='ltr'>callido</span> <span class='ocrx_word' id='word_1_50' title='bbox 841 1154 1000 1239; x_wconf 86' lang='lat' dir='ltr'>aggrediar</span> <span class='ocrx_word' id='word_1_51' title='bbox 1022 1156 1159 1221; x_wconf 89' lang='lat' dir='ltr'>consilio.</span> 
     </span>
     <span class='ocr_line' id='line_1_20' title="bbox 442 1242 1416 1326; baseline -0.001 -19"><span class='ocrx_word' id='word_1_52' title='bbox 442 1242 585 1307; x_wconf 90' lang='lat' dir='ltr'>Primum</span> <span class='ocrx_word' id='word_1_53' title='bbox 607 1242 688 1306; x_wconf 91' lang='lat' dir='ltr'>solus</span> <span class='ocrx_word' id='word_1_54' title='bbox 710 1257 854 1326; x_wconf 89' lang='lat' dir='ltr'>vtrosque</span> <span class='ocrx_word' id='word_1_55' title='bbox 877 1243 920 1305; x_wconf 89' lang='lat' dir='ltr'>ita</span> <span class='ocrx_word' id='word_1_56' title='bbox 942 1242 1068 1305; x_wconf 85' lang='lat' dir='ltr'>reddam</span> <span class='ocrx_word' id='word_1_57' title='bbox 1090 1245 1199 1325; x_wconf 90' lang='lat' dir='ltr'>ebrios,</span> <span class='ocrx_word' id='word_1_58' title='bbox 1385 1272 1416 1324; x_wconf 77' lang='lat'>35</span> 
     </span>
     <span class='ocr_line' id='line_1_21' title="bbox 442 1330 1175 1414; baseline 0 -21"><span class='ocrx_word' id='word_1_59' title='bbox 442 1345 475 1393; x_wconf 93' lang='lat' dir='ltr'>vt</span> <span class='ocrx_word' id='word_1_60' title='bbox 499 1346 654 1414; x_wconf 86' lang='lat' dir='ltr'>nequeant</span> <span class='ocrx_word' id='word_1_61' title='bbox 676 1330 767 1413; x_wconf 89' lang='lat' dir='ltr'>pedes</span> <span class='ocrx_word' id='word_1_62' title='bbox 787 1351 879 1392; x_wconf 92' lang='lat' dir='ltr'>suum</span> <span class='ocrx_word' id='word_1_63' title='bbox 902 1330 1043 1392; x_wconf 89' lang='lat' dir='ltr'>officium</span> <span class='ocrx_word' id='word_1_64' title='bbox 1066 1330 1175 1412; x_wconf 86' lang='lat' dir='ltr'>facere,</span> 
     </span>
     <span class='ocr_line' id='line_1_22' title="bbox 442 1415 1152 1499; baseline 0 -19"><span class='ocrx_word' id='word_1_65' title='bbox 442 1434 511 1481; x_wconf 93' lang='lat' dir='ltr'>tum</span> <span class='ocrx_word' id='word_1_66' title='bbox 534 1416 681 1499; x_wconf 91' lang='lat' dir='ltr'>collapsos</span> <span class='ocrx_word' id='word_1_67' title='bbox 703 1416 790 1479; x_wconf 91' lang='lat' dir='ltr'>humi</span> <span class='ocrx_word' id='word_1_68' title='bbox 813 1415 947 1478; x_wconf 85' lang='lat' dir='ltr'>onerabo</span> <span class='ocrx_word' id='word_1_69' title='bbox 968 1417 1152 1498; x_wconf 90' lang='lat' dir='ltr'>verberibus,</span> 
     </span>
     <span class='ocr_line' id='line_1_23' title="bbox 443 1502 1340 1586; baseline 0.003 -20"><span class='ocrx_word' id='word_1_70' title='bbox 443 1503 560 1567; x_wconf 88' lang='lat' dir='ltr'>docebo</span> <span class='ocrx_word' id='word_1_71' title='bbox 581 1503 657 1586; x_wconf 94' lang='lat' dir='ltr'>quid</span> <span class='ocrx_word' id='word_1_72' title='bbox 679 1503 718 1566; x_wconf 91' lang='lat' dir='ltr'>sit</span> <span class='ocrx_word' id='word_1_73' title='bbox 740 1502 938 1566; x_wconf 89' lang='lat' dir='ltr'>homunculis</span> <span class='ocrx_word' id='word_1_74' title='bbox 959 1525 1032 1566; x_wconf 95' lang='lat' dir='ltr'>cum</span> <span class='ocrx_word' id='word_1_75' title='bbox 1055 1504 1121 1566; x_wconf 91' lang='lat' dir='ltr'>viro</span> <span class='ocrx_word' id='word_1_76' title='bbox 1143 1504 1340 1569; x_wconf 78' lang='lat' dir='ltr'>contendere.</span> 
     </span>
     <span class='ocr_line' id='line_1_24' title="bbox 443 1589 1064 1673; baseline -0.005 -18"><span class='ocrx_word' id='word_1_77' title='bbox 443 1590 501 1655; x_wconf 91' lang='lat' dir='ltr'>Sed</span> <span class='ocrx_word' id='word_1_78' title='bbox 525 1589 574 1652; x_wconf 90' lang='lat' dir='ltr'>ille</span> <span class='ocrx_word' id='word_1_79' title='bbox 598 1589 736 1671; x_wconf 89' lang='lat' dir='ltr'>inprimis</span> <span class='ocrx_word' id='word_1_80' title='bbox 757 1589 895 1673; x_wconf 90' lang='lat' dir='ltr'>garrulus</span> <span class='ocrx_word' id='word_1_81' title='bbox 916 1590 1064 1672; x_wconf 91' lang='lat' dir='ltr'>medicus,</span> 
     </span>
     <span class='ocr_line' id='line_1_25' title="bbox 441 1675 1419 1759; baseline 0 -19"><span class='ocrx_word' id='word_1_82' title='bbox 441 1677 539 1740; x_wconf 85' lang='lat' dir='ltr'>simiae</span> <span class='ocrx_word' id='word_1_83' title='bbox 562 1675 736 1739; x_wconf 90' lang='lat' dir='ltr'>simillimus</span> <span class='ocrx_word' id='word_1_84' title='bbox 757 1676 953 1759; x_wconf 62' lang='lat' dir='ltr'>nequissima»</span> <span class='ocrx_word' id='word_1_85' title='bbox 977 1677 1093 1758; x_wconf 87' lang='lat' dir='ltr'>bestiae,</span> <span class='ocrx_word' id='word_1_86' title='bbox 1384 1709 1419 1757; x_wconf 85' lang='lat'>40</span> 
     </span>
     <span class='ocr_line' id='line_1_26' title="bbox 443 1762 1141 1847; baseline 0.001 -21"><span class='ocrx_word' id='word_1_87' title='bbox 443 1765 496 1847; x_wconf 95' lang='lat' dir='ltr'>qui</span> <span class='ocrx_word' id='word_1_88' title='bbox 519 1762 600 1826; x_wconf 93' lang='lat' dir='ltr'>collo</span> <span class='ocrx_word' id='word_1_89' title='bbox 622 1763 781 1825; x_wconf 87' lang='lat' dir='ltr'>simiarum</span> <span class='ocrx_word' id='word_1_90' title='bbox 804 1762 898 1845; x_wconf 89' lang='lat' dir='ltr'>pelles</span> <span class='ocrx_word' id='word_1_91' title='bbox 919 1762 1141 1846; x_wconf 87' lang='lat' dir='ltr'>circumplicat,</span> 
     </span>
     <span class='ocr_line' id='line_1_27' title="bbox 442 1850 1417 1935; baseline 0.003 -22"><span class='ocrx_word' id='word_1_92' title='bbox 442 1851 495 1935; x_wconf 94' lang='lat' dir='ltr'>qui</span> <span class='ocrx_word' id='word_1_93' title='bbox 519 1872 569 1913; x_wconf 91' lang='lat' dir='ltr'>me</span> <span class='ocrx_word' id='word_1_94' title='bbox 593 1850 676 1913; x_wconf 91' lang='lat' dir='ltr'>intus</span> <span class='ocrx_word' id='word_1_95' title='bbox 697 1850 804 1912; x_wconf 90' lang='lat' dir='ltr'>habuit</span> <span class='ocrx_word' id='word_1_96' title='bbox 827 1851 1032 1933; x_wconf 89' lang='lat' dir='ltr'>contemptui,</span> <span class='ocrx_word' id='word_1_97' title='bbox 1085 1850 1295 1935; x_wconf 82' lang='lat' dir='ltr'>[Pantomagus</span> <span class='ocrx_word' id='word_1_98' title='bbox 1309 1852 1417 1918; x_wconf 77' lang='lat' dir='ltr'>intrat.</span> 
     </span>
     <span class='ocr_line' id='line_1_28' title="bbox 443 1936 655 2023; baseline -0.005 -23"><span class='ocrx_word' id='word_1_99' title='bbox 443 1959 500 2023; x_wconf 89' lang='lat' dir='ltr'>ego</span> <span class='ocrx_word' id='word_1_100' title='bbox 523 1936 655 2000; x_wconf 91' lang='lat' dir='ltr'>illum-</span> 
     </span>
    </p>

    <p class='ocr_par' dir='ltr' id='par_1_10' title="bbox 443 2022 1184 2367">
     <span class='ocr_line' id='line_1_29' title="bbox 637 2022 1114 2108; baseline 0 -21"><span class='ocrx_word' id='word_1_101' title='bbox 637 2022 738 2104; x_wconf 90' lang='lat' dir='ltr'>Tace,</span> <span class='ocrx_word' id='word_1_102' title='bbox 761 2023 844 2104; x_wconf 91' lang='lat' dir='ltr'>here,</span> <span class='ocrx_word' id='word_1_103' title='bbox 867 2024 929 2105; x_wconf 91' lang='lat' dir='ltr'>ipse</span> <span class='ocrx_word' id='word_1_104' title='bbox 952 2024 1114 2108; x_wconf 91' lang='lat' dir='ltr'>egreditur.</span> 
     </span>
     <span class='ocr_line' id='line_1_30' title="bbox 443 2109 1184 2196; baseline 0.001 -22"><span class='ocrx_word' id='word_1_105' title='bbox 443 2110 516 2195; x_wconf 92' lang='lat' dir='ltr'>Jam</span> <span class='ocrx_word' id='word_1_106' title='bbox 539 2126 643 2174; x_wconf 92' lang='lat' dir='ltr'>tecum</span> <span class='ocrx_word' id='word_1_107' title='bbox 667 2109 783 2194; x_wconf 90' lang='lat' dir='ltr'>loquar,</span> <span class='ocrx_word' id='word_1_108' title='bbox 806 2126 839 2174; x_wconf 90' lang='lat' dir='ltr'>vt</span> <span class='ocrx_word' id='word_1_109' title='bbox 863 2110 913 2174; x_wconf 92' lang='lat' dir='ltr'>ille</span> <span class='ocrx_word' id='word_1_110' title='bbox 934 2133 999 2174; x_wconf 95' lang='lat' dir='ltr'>non</span> <span class='ocrx_word' id='word_1_111' title='bbox 1023 2112 1184 2196; x_wconf 87' lang='lat' dir='ltr'>intelligat,</span> 
     </span>
     <span class='ocr_line' id='line_1_31' title="bbox 443 2197 1009 2262; baseline -0.002 0"><span class='ocrx_word' id='word_1_112' title='bbox 443 2214 601 2262; x_wconf 88' lang='lat' dir='ltr'>ettamen</span> <span class='ocrx_word' id='word_1_113' title='bbox 626 2197 713 2260; x_wconf 92' lang='lat' dir='ltr'>illum</span> <span class='ocrx_word' id='word_1_114' title='bbox 737 2197 841 2260; x_wconf 93' lang='lat' dir='ltr'>ludam</span> <span class='ocrx_word' id='word_1_115' title='bbox 865 2199 1009 2262; x_wconf 87' lang='lat' dir='ltr'>maxime.</span> 
     </span>
     <span class='ocr_line' id='line_1_32' title="bbox 444 2284 720 2367; baseline 0.007 -21"><span class='ocrx_word' id='word_1_116' title='bbox 444 2284 519 2348; x_wconf 92' lang='lat' dir='ltr'>istoc</span> <span class='ocrx_word' id='word_1_117' title='bbox 542 2299 587 2348; x_wconf 92' lang='lat' dir='ltr'>est</span> <span class='ocrx_word' id='word_1_118' title='bbox 608 2305 720 2367; x_wconf 86' lang='lat' dir='ltr'>sapere.</span> 
     </span>
    </p>

    <p class='ocr_par' dir='ltr' id='par_1_11' title="bbox 744 2369 1055 2454">
     <span class='ocr_line' id='line_1_33' title="bbox 744 2369 1055 2454; baseline 0 -20"><span class='ocrx_word' id='word_1_119' title='bbox 744 2371 783 2434; x_wconf 89' lang='lat' dir='ltr'>ah</span> <span class='ocrx_word' id='word_1_120' title='bbox 807 2393 902 2454; x_wconf 92' lang='lat' dir='ltr'>quam</span> <span class='ocrx_word' id='word_1_121' title='bbox 924 2369 1055 2434; x_wconf 87' lang='lat' dir='ltr'>callide!</span> 
     </span>
    </p>

    <p class='ocr_par' dir='ltr' id='par_1_12' title="bbox 441 2456 1419 3486">
     <span class='ocr_line' id='line_1_34' title="bbox 441 2456 1277 2542; baseline 0.001 -20"><span class='ocrx_word' id='word_1_122' title='bbox 441 2457 633 2542; x_wconf 90' lang='lat' dir='ltr'>anuamne</span> <span class='ocrx_word' id='word_1_123' title='bbox 654 2458 780 2520; x_wconf 90' lang='lat' dir='ltr'>obsecro</span> <span class='ocrx_word' id='word_1_124' title='bbox 802 2456 985 2542; x_wconf 89' lang='lat' dir='ltr'>degenerem</span> <span class='ocrx_word' id='word_1_125' title='bbox 1009 2458 1124 2522; x_wconf 90' lang='lat' dir='ltr'>vidistis</span> <span class='ocrx_word' id='word_1_126' title='bbox 1145 2461 1277 2542; x_wconf 88' lang='lat' dir='ltr'>asinum,</span> 
     </span>
     <span class='ocr_line' id='line_1_35' title="bbox 443 2543 1018 2629; baseline 0 -21"><span class='ocrx_word' id='word_1_127' title='bbox 443 2546 513 2628; x_wconf 85' lang='lat' dir='ltr'>equi</span> <span class='ocrx_word' id='word_1_128' title='bbox 537 2543 674 2629; x_wconf 87' lang='lat' dir='ltr'>generosi</span> <span class='ocrx_word' id='word_1_129' title='bbox 697 2543 786 2608; x_wconf 92' lang='lat' dir='ltr'>dorso</span> <span class='ocrx_word' id='word_1_130' title='bbox 809 2543 1018 2608; x_wconf 84' lang='lat' dir='ltr'>insidentem?</span> 
     </span>
     <span class='ocr_line' id='line_1_36' title="bbox 445 2630 1231 2715; baseline 0.003 -20"><span class='ocrx_word' id='word_1_131' title='bbox 445 2631 482 2696; x_wconf 93' lang='lat' dir='ltr'>Id</span> <span class='ocrx_word' id='word_1_132' title='bbox 505 2653 545 2694; x_wconf 95' lang='lat' dir='ltr'>ne</span> <span class='ocrx_word' id='word_1_133' title='bbox 567 2632 694 2712; x_wconf 85' lang='lat' dir='ltr'>mireris,</span> <span class='ocrx_word' id='word_1_134' title='bbox 716 2631 798 2694; x_wconf 93' lang='lat' dir='ltr'>here.</span> <span class='ocrx_word' id='word_1_135' title='bbox 845 2652 918 2695; x_wconf 91' lang='lat' dir='ltr'>nam</span> <span class='ocrx_word' id='word_1_136' title='bbox 941 2631 1050 2715; x_wconf 87' lang='lat' dir='ltr'>passim</span> <span class='ocrx_word' id='word_1_137' title='bbox 1073 2630 1109 2696; x_wconf 89' lang='lat' dir='ltr'>fit</span> <span class='ocrx_word' id='word_1_138' title='bbox 1131 2633 1231 2697; x_wconf 92' lang='lat' dir='ltr'>hodie.</span> 
     </span>
     <span class='ocr_line' id='line_1_37' title="bbox 441 2717 1419 2803; baseline 0.006 -21"><span class='ocrx_word' id='word_1_139' title='bbox 441 2717 470 2782; x_wconf 86' lang='lat' dir='ltr'><strong>E</strong></span> <span class='ocrx_word' id='word_1_140' title='bbox 491 2739 609 2799; x_wconf 91' lang='lat' dir='ltr'>overo,</span> <span class='ocrx_word' id='word_1_141' title='bbox 624 2717 742 2799; x_wconf 89' lang='lat' dir='ltr'>stolide,</span> <span class='ocrx_word' id='word_1_142' title='bbox 757 2717 841 2802; x_wconf 92' lang='lat' dir='ltr'>quod</span> <span class='ocrx_word' id='word_1_143' title='bbox 856 2719 969 2801; x_wconf 90' lang='lat' dir='ltr'>passim</span> <span class='ocrx_word' id='word_1_144' title='bbox 983 2717 1029 2800; x_wconf 87' lang='lat' dir='ltr'>fit,</span> <span class='ocrx_word' id='word_1_145' title='bbox 1045 2742 1110 2782; x_wconf 94' lang='lat' dir='ltr'>non</span> <span class='ocrx_word' id='word_1_146' title='bbox 1126 2742 1247 2802; x_wconf 78' lang='lat' dir='ltr'>possum</span> <span class='ocrx_word' id='word_1_147' title='bbox 1264 2721 1336 2803; x_wconf 88' lang='lat' dir='ltr'>pati.</span> <span class='ocrx_word' id='word_1_148' title='bbox 1385 2750 1419 2801; x_wconf 83' lang='lat'>50</span> 
     </span>
     <span class='ocr_line' id='line_1_38' title="bbox 444 2741 1113 2888; baseline 0 -20"><span class='ocrx_word' id='word_1_149' title='bbox 444 2741 497 2868; x_wconf 75' lang='lat' dir='ltr'>Al</span> <span class='ocrx_word' id='word_1_150' title='bbox 520 2806 656 2884; x_wconf 87' lang='lat' dir='ltr'>obsecro,</span> <span class='ocrx_word' id='word_1_151' title='bbox 680 2805 762 2886; x_wconf 91' lang='lat' dir='ltr'>here,</span> <span class='ocrx_word' id='word_1_152' title='bbox 785 2826 825 2867; x_wconf 93' lang='lat' dir='ltr'>ne</span> <span class='ocrx_word' id='word_1_153' title='bbox 847 2805 920 2868; x_wconf 82' lang='lat' dir='ltr'>saevi</span> <span class='ocrx_word' id='word_1_154' title='bbox 944 2820 1113 2888; x_wconf 85' lang='lat' dir='ltr'>tantopere,</span> 
     </span>
     <span class='ocr_line' id='line_1_39' title="bbox 443 2891 1339 2977; baseline 0.004 -23"><span class='ocrx_word' id='word_1_155' title='bbox 443 2906 478 2954; x_wconf 94' lang='lat' dir='ltr'>tu</span> <span class='ocrx_word' id='word_1_156' title='bbox 500 2907 591 2954; x_wconf 93' lang='lat' dir='ltr'>tuum</span> <span class='ocrx_word' id='word_1_157' title='bbox 615 2891 774 2977; x_wconf 87' lang='lat' dir='ltr'>ingenium</span> <span class='ocrx_word' id='word_1_158' title='bbox 797 2913 870 2954; x_wconf 91' lang='lat' dir='ltr'>cum</span> <span class='ocrx_word' id='word_1_159' title='bbox 894 2892 958 2955; x_wconf 89' lang='lat' dir='ltr'>eius</span> <span class='ocrx_word' id='word_1_160' title='bbox 979 2893 1155 2974; x_wconf 90' lang='lat' dir='ltr'>stupiditate</span> <span class='ocrx_word' id='word_1_161' title='bbox 1177 2893 1339 2958; x_wconf 79' lang='lat' dir='ltr'>conferas?</span> 
     </span>
     <span class='ocr_line' id='line_1_40' title="bbox 444 2977 1350 3060; baseline 0.004 -19"><span class='ocrx_word' id='word_1_162' title='bbox 444 2993 512 3041; x_wconf 93' lang='lat' dir='ltr'>tum</span> <span class='ocrx_word' id='word_1_163' title='bbox 535 2977 586 3060; x_wconf 96' lang='lat' dir='ltr'>pol</span> <span class='ocrx_word' id='word_1_164' title='bbox 610 2977 814 3060; x_wconf 89' lang='lat' dir='ltr'>ineptissimus</span> <span class='ocrx_word' id='word_1_165' title='bbox 836 3000 878 3041; x_wconf 88' lang='lat' dir='ltr'>es.</span> <span class='ocrx_word' id='word_1_166' title='bbox 925 2980 976 3042; x_wconf 90' lang='lat' dir='ltr'>sed</span> <span class='ocrx_word' id='word_1_167' title='bbox 999 3001 1108 3042; x_wconf 89' lang='lat' dir='ltr'>eccum</span> <span class='ocrx_word' id='word_1_168' title='bbox 1131 2980 1181 3042; x_wconf 88' lang='lat' dir='ltr'>vbi</span> <span class='ocrx_word' id='word_1_169' title='bbox 1203 2980 1350 3045; x_wconf 89' lang='lat' dir='ltr'>ambulat.</span> 
     </span>
     <span class='ocr_line' id='line_1_41' title="bbox 443 3062 1025 3149; baseline -0.002 -21"><span class='ocrx_word' id='word_1_170' title='bbox 443 3062 499 3128; x_wconf 87' lang='lat' dir='ltr'>Ess</span> <span class='ocrx_word' id='word_1_171' title='bbox 521 3063 566 3128; x_wconf 92' lang='lat' dir='ltr'>sol</span> <span class='ocrx_word' id='word_1_172' title='bbox 587 3064 648 3126; x_wconf 87' lang='lat' dir='ltr'>ken</span> <span class='ocrx_word' id='word_1_173' title='bbox 670 3065 781 3127; x_wconf 91' lang='lat' dir='ltr'>stound</span> <span class='ocrx_word' id='word_1_174' title='bbox 805 3065 852 3127; x_wconf 84' lang='lat' dir='ltr'>far</span> <span class='ocrx_word' id='word_1_175' title='bbox 873 3065 944 3127; x_wconf 91' lang='lat' dir='ltr'>eber</span> <span class='ocrx_word' id='word_1_176' title='bbox 965 3087 1025 3149; x_wconf 85' lang='lat' dir='ltr'>gan</span> 
     </span>
     <span class='ocr_line' id='line_1_42' title="bbox 443 3149 1418 3236; baseline 0.003 -22"><span class='ocrx_word' id='word_1_177' title='bbox 443 3172 517 3214; x_wconf 91' lang='lat' dir='ltr'>man</span> <span class='ocrx_word' id='word_1_178' title='bbox 540 3151 600 3214; x_wconf 90' lang='lat' dir='ltr'>hab</span> <span class='ocrx_word' id='word_1_179' title='bbox 623 3149 683 3214; x_wconf 90' lang='lat' dir='ltr'>dan</span> <span class='ocrx_word' id='word_1_180' title='bbox 706 3166 801 3214; x_wconf 89' lang='lat' dir='ltr'>etwas</span> <span class='ocrx_word' id='word_1_181' title='bbox 823 3152 905 3235; x_wconf 89' lang='lat' dir='ltr'>guits</span> <span class='ocrx_word' id='word_1_182' title='bbox 926 3168 1028 3236; x_wconf 90' lang='lat' dir='ltr'>getan.</span> <span class='ocrx_word' id='word_1_183' title='bbox 1386 3184 1418 3236; x_wconf 81' lang='lat'>⁵5</span> 
     </span>
     <span class='ocr_line' id='line_1_43' title="bbox 443 3235 788 3318; baseline 0 -18"><span class='ocrx_word' id='word_1_184' title='bbox 443 3237 530 3312; x_wconf 86' lang='lat' dir='ltr'>Quid</span> <span class='ocrx_word' id='word_1_185' title='bbox 553 3238 606 3318; x_wconf 90' lang='lat' dir='ltr'>ait,</span> <span class='ocrx_word' id='word_1_186' title='bbox 630 3235 788 3303; x_wconf 84' lang='lat' dir='ltr'>Gothriol</span> 
     </span>
     <span class='ocr_line' id='line_1_44' title="bbox 443 3321 1192 3411; baseline 0.003 -23"><span class='ocrx_word' id='word_1_187' title='bbox 443 3323 599 3409; x_wconf 91' lang='lat' dir='ltr'>Loquitur</span> <span class='ocrx_word' id='word_1_188' title='bbox 620 3321 754 3406; x_wconf 86' lang='lat' dir='ltr'>Gallice,</span> <span class='ocrx_word' id='word_1_189' title='bbox 777 3324 1019 3407; x_wconf 86' lang='lat' dir='ltr'>philosophatur,</span> <span class='ocrx_word' id='word_1_190' title='bbox 1042 3325 1192 3411; x_wconf 87' lang='lat' dir='ltr'>intelligo.</span> 
     </span>
     <span class='ocr_line' id='line_1_45' title="bbox 444 3409 638 3486; baseline -0.015 -9"><span class='ocrx_word' id='word_1_191' title='bbox 444 3409 638 3486; x_wconf 83' lang='lat' dir='ltr'>Quomodo?</span> 
     </span>
    </p>

    <p class='ocr_par' dir='ltr' id='par_1_13' title="bbox 651 3496 956 3579">
     <span class='ocr_line' id='line_1_46' title="bbox 651 3496 956 3579; baseline 0.003 -18"><span class='ocrx_word' id='word_1_192' title='bbox 651 3497 747 3579; x_wconf 91' lang='lat' dir='ltr'>audis,</span> <span class='ocrx_word' id='word_1_193' title='bbox 770 3496 956 3562; x_wconf 82' lang='lat' dir='ltr'>Leonardei</span> 
     </span>
    </p>
   </div>
   <div class='ocr_carea' id='block_1_10' title="bbox 0 0 1688 4225">
    <p class='ocr_par' dir='ltr' id='par_1_14' title="bbox 0 0 1688 4225">
     <span class='ocr_line' id='line_1_47' title="bbox 0 0 1688 4225; baseline 0 0"><span class='ocrx_word' id='word_1_194' title='bbox 0 0 1688 4225; x_wconf 95' lang='lat' dir='ltr'> </span> 
     </span>
    </p>
   </div>
  </div>
 </body>
</html>
