3359 4225
335 518 388 573 20

333 688 441 752 Panto.

337 950 404 1013 Got.

334 1124 442 1188 Panto.

336 1211 402 1275 Got.

333 1297 440 1363 Panto.

337 1384 404 1450 Gor.

334 1557 441 1622 Panto.

337 1644 404 1710 Got.

336 1908 444 1972 Panto.

337 1994 405 2059 Gor.

335 2082 443 2147 Panto.

338 2171 406 2236 Gor.

336 2431 444 2495 Panto.

339 2518 406 2583 Got.

338 2866 446 2930 Panto.

712 492 1063 570 HYMENAEUS
1180 502 1277 585 [Aer.
1294 517 1325 581 2,
1341 499 1390 565 Sc.
1406 505 1443 563 a·

465 688 523 754 Sed
546 688 606 750 iam
630 688 689 750 hoc
711 709 847 773 agamus,
870 684 1018 768 Gothrio,
1040 708 1118 748 num
1140 703 1283 769 comptus
1304 686 1359 747 tibi

464 776 535 839 satis
556 775 661 837 videor
683 789 714 837 et
736 772 875 836 nitidus?

465 862 606 946 nunquid
628 877 772 924 ornatum
797 863 881 923 hunc
903 860 1089 943 placiturum
1112 876 1200 943 putas
1220 858 1340 942 Juliae?
1406 873 1441 925 60

467 949 594 1012 Virtute
616 949 725 1011 formae
750 947 780 1009 id
801 947 914 1011 accidit
936 963 1012 1025 tuae,

465 1051 497 1099 te
519 1051 553 1099 vt
574 1036 680 1098 deceat
701 1034 910 1118 quodcunque
933 1034 1052 1099 habeas.

464 1122 551 1197 Quid
573 1138 678 1186 autem
702 1121 856 1185 incessus?
887 1120 985 1204 qualis
1006 1120 1150 1185 videtur?

466 1211 551 1273 Hem
575 1210 683 1293 regius.

701 1294 774 1358 nolo
796 1311 828 1360 te
848 1295 993 1357 assentari
1016 1295 1102 1360 mihi.

467 1383 565 1458 Quasi
587 1406 661 1446 vero
682 1382 807 1446 soleam.
852 1382 904 1444 sed
926 1397 1031 1444 vtrum
1054 1382 1150 1445 mavis

464 1471 627 1553 vituperari
649 1492 733 1548 vero,
757 1492 797 1531 an
820 1468 895 1532 falso
916 1467 1088 1533 laudarier?

464 1556 573 1621 Facilis
595 1572 640 1620 est
663 1557 826 1638 responsio,
850 1555 925 1619 falso
943 1555 1096 1637 ,laudarier
1118 1556 1210 1621 malo.

467 1642 580 1708 Credo,
625 1644 677 1706 sed
699 1665 757 1729 ego
779 1659 925 1706 neutrum
948 1644 1037 1725 facio,

464 1753 523 1794 nec
544 1730 600 1794 tibi
623 1730 728 1794 falsam
750 1729 873 1793 laudem
895 1732 1020 1817 affingo,

466 1841 524 1881 nec
547 1840 650 1881 veram
674 1818 811 1898 detraho,
833 1839 929 1900 quam
952 1840 1016 1881 non
1040 1819 1142 1881 habes.
1409 1845 1442 1897 70

466 1906 636 1969 Benefacis.
682 1904 891 1986 contemplare
913 1919 948 1967 vt
970 1927 1020 1968 me
1043 1905 1150 1969 deceat
1172 1904 1279 1988 pileus.

469 1992 608 2075 Ecastor,
631 1992 713 2073 here,
737 1991 815 2054 nihil
837 2006 884 2054 est
906 2013 1006 2074 supra.

464 2080 596 2144 Verum.
641 2078 719 2142 nihil
741 2094 786 2142 est
807 2100 897 2162 supra
919 2079 1045 2162 pileum.
1090 2078 1143 2144 sed
1165 2079 1215 2143 dic
1235 2095 1270 2143 vt
1292 2079 1409 2145 deceat.

467 2168 517 2232 Ita
538 2184 569 2231 te
590 2168 675 2252 Julia
695 2182 779 2230 amet
800 2182 835 2229 vt
857 2167 984 2249 optime.

466 2256 509 2319 sic
531 2255 616 2318 enim
640 2253 704 2335 liet,
727 2268 760 2316 vt
781 2268 814 2317 te
836 2253 913 2316 nihil
936 2254 1052 2339 diligat,
1410 2282 1441 2335 75

467 2342 545 2404 nihil
567 2342 652 2404 enim
674 2362 853 2424 quenquam
876 2341 965 2404 decet
986 2343 1099 2406 minus.

467 2429 555 2502 Quid
577 2428 709 2492 caetera?

733 2513 915 2597 plusquam
938 2516 1084 2600 vulgaria.

469 2601 604 2685 capillus,
627 2601 741 2682 vultus,
762 2624 834 2683 vox,
857 2603 993 2682 vestitus,
1015 2618 1125 2689 gestus,

470 2705 535 2753 tota
557 2689 690 2772 denique
712 2689 860 2752 habitudo
882 2691 1025 2772 corporis,

469 2778 628 2840 hominem
650 2791 803 2840 sacratum
825 2775 942 2839 Veneri
965 2777 1089 2840 indicat.
1409 2798 1444 2848 80

468 2863 525 2928 Est
546 2864 619 2948 (dijs
640 2864 750 2949 gratia)
771 2879 806 2926 vt
828 2885 989 2947 nunquam
1013 2865 1127 2946 vspiam
1151 2865 1183 2927 in
1206 2865 1269 2929 vita
1290 2866 1413 2948 fuerim,

469 2951 545 3035 quin
568 2972 619 3012 me
641 2971 749 3014 omnes
770 2967 911 3014 amarent
932 2950 1111 3034 plurimum.

471 3038 534 3101 Hic
556 3036 699 3120 equidem
723 3037 754 3099 in
777 3059 892 3124 magno
913 3040 1031 3101 honore
1053 3061 1104 3102 me
1125 3061 1189 3102 esse
1211 3040 1318 3123 fateor,

469 3126 522 3190 sed
543 3124 624 3207 apud
646 3124 786 3187 nationes
806 3125 830 3188 si
853 3123 951 3188 forem
974 3141 1100 3208 exteras,

470 3211 590 3294 Gallos,
612 3209 798 3291 Germanos,
820 3227 852 3274 at
875 3211 1041 3276 Britannos
1062 3214 1266 3296 potissimum,
1409 3234 1441 3297 85

469 3314 504 3363 vt
526 3321 576 3362 me
598 3319 707 3361 omnes
729 3297 850 3380 publice
870 3297 1030 3364 colerent!
1287 3372 1289 3375 ¹

470 3388 557 3451 Nam
592 3402 799 3469 praeterquam
833 3386 916 3469 quod
946 3387 1055 3449 formae
1085 3387 1216 3472 dignitas
1245 3390 1321 3452 mihi
1356 3392 1442 3457 addit

471 3497 536 3538 non
558 3474 664 3537 tritam
686 3488 778 3537 teneo
800 3474 963 3537 medicinae
986 3475 1080 3557 viam,
1284 3477 1442 3562 [gratiam
