3359 4225
667 521 1015 601 HYMENAEUS
1131 532 1228 617 [Aer.
1245 550 1276 617 3,
1291 530 1341 596 Sc.
1358 529 1393 595 6·

574 698 744 773 nctus
772 722 806 793 3.
861 700 1025 773 scum
1052 703 1100 773 62.

557 842 721 926 Erophilus.
766 842 919 906 Pantaleo.
963 842 1119 909 Amerina.

284 962 355 1026 Ero.
414 960 531 1047 Ecquis
554 965 604 1027 hic
627 966 696 1029 est?
726 964 870 1047 nunquid
891 964 1049 1047 explorata
1070 965 1177 1030 omnia
1187 964 1204 1028 i

286 1048 399 1114 Panto.
419 1050 514 1133 Here,
537 1049 720 1115 infaeliciter.
766 1073 840 1114 nam
863 1052 887 1114 si
910 1050 1002 1133 paulo
1023 1052 1155 1116 venisses
1177 1052 1269 1135 prius,

418 1138 602 1202 Amerinam
625 1140 781 1220 reperisses
804 1139 854 1201 hic
876 1154 949 1201 ante
971 1139 1061 1220 fores,

417 1225 469 1287 sed
491 1239 596 1287 tamen
619 1226 659 1310 dij
684 1240 715 1288 te
737 1240 891 1288 servatum
912 1225 1032 1289 volunt.

287 1310 358 1374 Ero.
419 1311 508 1385 Quid
531 1313 582 1393 ita,
606 1310 777 1376 Pantaleo?
1118 1381 1129 1403 ·

288 1396 400 1462 Panto.
779 1398 958 1481 Alphonsus
980 1414 1121 1486 aegrotat,
1378 1428 1392 1478 5

418 1483 533 1549 Sannio
562 1487 691 1569 quiescit
720 1487 862 1563 suaviter,
891 1486 1044 1550 Amerina
1073 1502 1175 1551 custos
1207 1488 1314 1552 relicta
1347 1500 1393 1550 est

417 1588 449 1635 et
472 1589 503 1636 te
527 1573 607 1636 hanc
630 1574 714 1637 iubet
737 1575 901 1636 fenestram
924 1573 1042 1654 pultare
1064 1573 1192 1657 placide.
1251 1574 1394 1659 [foribus

287 1656 359 1721 Ero.
420 1658 539 1723 Nescio
561 1660 629 1742 quis
653 1661 769 1723 invadit
791 1660 931 1723 animum
955 1677 1080 1743 repente
1103 1676 1215 1724 metus.

419 1746 539 1810 discede
562 1748 665 1829 timor,
688 1748 852 1832 degeneres
874 1748 994 1810 animos
1015 1747 1126 1835 arguis.

418 1834 469 1896 sed
492 1833 567 1917 quid
589 1833 717 1897 autem?
760 1833 853 1919 Juliae
876 1856 940 1896 non
962 1834 1018 1897 tibi
1041 1836 1141 1899 times.
1363 1865 1396 1900 10

420 1942 511 2007 perge
532 1922 651 1984 timere.
697 1922 798 2005 arguit
818 1943 957 1984 amorem
981 1937 1090 1986 metus.

416 2008 502 2071 Nam
525 2009 557 2070 in
579 2030 631 2071 me
654 2008 817 2071 inimicum
839 2009 1018 2091 quicunque
1041 2009 1114 2072 facit
1136 2010 1301 2093 impetum,

419 2096 561 2158 cominus
582 2110 636 2159 aut
658 2096 780 2159 eminus
800 2095 830 2157 vi
854 2096 953 2159 victus
974 2093 1072 2161 cadet.

419 2204 493 2266 ergo
513 2182 588 2266 quid
611 2182 772 2246 metuam?
801 2182 894 2245 fortes
918 2184 1043 2246 fortuna
1064 2176 1206 2251 adiuvat.

419 2267 599 2332 Fenestram
622 2271 702 2332 hanc
725 2291 819 2353 quam
843 2270 939 2351 iussit,
962 2271 1069 2333 feriam
1092 2270 1227 2353 leviter,·
1364 2302 1394 2352 ¹5

419 2378 483 2436 vos,
506 2356 546 2440 dij
570 2355 710 2439 deaeque,
732 2357 796 2419 sitis
818 2356 933 2419 auxilio
954 2357 1043 2420 mihi.

420 2442 478 2508 Sed
500 2465 595 2526 quem
618 2443 757 2506 divinum
780 2442 881 2524 audio,
904 2442 1062 2525 Pantaleo‚
1084 2445 1220 2510 sonum?

419 2529 488 2611 Ipsa
510 2545 565 2611 est,
588 2530 654 2592 deae
678 2551 786 2592 vocem
808 2552 943 2613 agnosco
964 2553 1056 2612 meae,

419 2616 582 2680 mortalem
605 2618 765 2680 faeminam
788 2639 850 2680 vox
873 2618 929 2681 ista
950 2640 1014 2681 non
1036 2633 1135 2683 sonat.

417 2702 491 2788 Jam
514 2725 639 2790 pergam
661 2705 745 2787 quod
767 2705 912 2787 praecepit
934 2706 1054 2788 exequi.

419 2790 471 2854 sed
494 2812 603 2853 eccum
625 2790 710 2874 Julia
731 2807 786 2873 est,
809 2813 903 2854 omen
926 2791 1035 2873 placet.

287 2878 400 2942 Panto.
416 2877 548 2959 Eccum,
572 2878 654 2959 here,
676 2877 828 2940 Amerina
850 2879 929 2942 sores
949 2880 1055 2960 aperit.

287 2965 370 3029 Arne.
414 2965 463 3029 Ite
485 2965 567 3027 intro
589 2980 689 3046 caute,
712 2987 752 3028 ne
774 2966 843 3048 quis
864 2964 1006 3029 exaudiat
1028 2982 1144 3032 cavete.

581 3127 749 3200 Actus
775 3155 811 3219 4.
866 3128 1031 3201 senua
1061 3153 1092 3202 1.

589 3266 691 3358 Julia.
736 3269 889 3334 Pantaleo.
934 3269 1089 3337 Amerina.

286 3388 358 3480 Jul.
414 3391 444 3455 Si
466 3413 615 3475 vnquam,
638 3391 706 3479 Dij,
729 3393 909 3457 mortalium
931 3395 1042 3458 auditis
1065 3416 1180 3477 preces,

417 3493 449 3541 et
472 3478 563 3542 mites
583 3500 671 3542 aures
693 3480 750 3565 pijs
771 3482 913 3562 praebetis
934 3481 1070 3564 vocibus,
