3359 4225
284 520 372 586 ner.
391 541 420 603 1,
435 522 483 588 se.
499 523 548 609 ν]
668 512 1019 592 numeneus
1367 532 1392 612 9

421 730 516 791 quarn
537 708 599 773 alte
621 710 748 773 verbum
772 710 831 772 hoc
854 709 886 770 in
909 730 962 771 cor
985 707 1155 790 penetravit
1178 704 1309 769 meum?

421 795 532 880 Egone
554 810 641 859 tuam
662 811 802 859 metuam
824 794 951 859 demens
972 793 1077 875 fidem,

421 904 494 945 cum
516 884 648 965 animus,
669 905 733 967 quo
754 897 904 963 metuam,
926 881 1030 944 nullus
1052 898 1098 945 est
1121 881 1152 943 in
1175 901 1312 963 corpore,

421 984 532 1050 praeter
554 985 644 1032 tuum
667 970 761 1051 hunc,
784 991 878 1052 quem
901 985 1006 1031 tecum
1028 984 1135 1052 gestas,
1157 966 1264 1051 Julia?
1360 997 1393 1033 ao

420 1055 478 1120 Sed
501 1057 592 1119 missa
616 1058 712 1137 istaec,
734 1077 820 1119 nunc
843 1056 926 1139 quod
948 1070 980 1118 te
1003 1056 1102 1119 facere
1123 1057 1224 1137 cupio,

420 1143 501 1206 audi.
545 1143 576 1208 Si
596 1144 658 1207 suis
680 1158 764 1225 pater
785 1156 922 1205 assuetus
943 1142 1080 1205 moribus

421 1244 452 1291 te
473 1230 529 1291 sibi
551 1229 605 1293 soli
629 1229 761 1312 postulat
783 1230 894 1311 vivere,

419 1337 478 1378 nec
499 1315 594 1380 libere
614 1338 792 1401 quenquam
816 1331 870 1379 aut
893 1316 1004 1378 intueri
1027 1330 1081 1378 aut
1103 1314 1227 1399 alloqui,

420 1403 572 1484 profunda
594 1420 698 1483 nocte,
721 1419 824 1487 gratus
847 1425 920 1465 cum
942 1404 1035 1485 serpit
1056 1424 1156 1485 sopor,

418 1504 472 1552 aut
494 1512 551 1576 ego
574 1504 605 1553 te
626 1489 733 1570 solam,
757 1511 826 1552 mea
848 1488 942 1572 Julia,
965 1490 1039 1552 binc
1060 1491 1201 1571 avebam,

418 1590 472 1638 aut
493 1576 605 1639 ancilla
626 1578 816 1657 comitatam,
838 1577 862 1639 si
885 1577 964 1640 forte
985 1575 1138 1640 malueris.

350 1708 358 1724 .
418 1662 486 1745 Eia,
509 1664 666 1746 Eropbile,
690 1664 751 1726 iam
774 1663 923 1746 perditam
946 1686 998 1725 me
1021 1664 1109 1746 plane
1131 1664 1227 1746 cupis.

419 1747 539 1813 Siccine
561 1750 657 1813 filiam
679 1751 769 1814 decet
790 1750 883 1833 patris
906 1751 1035 1813 domurn
1058 1749 1216 1813 deserere?

417 1852 546 1919 quantas
567 1838 641 1901 hinc
663 1839 741 1920 patri
764 1839 874 1900 creabo
897 1834 1051 1901 miserias!

417 1939 486 1986 tum
508 1925 583 2008 quid
606 1924 644 1987 de
666 1925 754 1987 nobis
776 1925 917 1987 homines
940 1926 1051 2007 passim
1073 1925 1218 2010 garrient,

416 2012 470 2094 qui
494 2011 576 2074 fama
596 2012 698 2075 adhuc
720 2034 839 2093 semper
860 2013 994 2074 viximus
1016 2010 1156 2094 integra?

418 2097 502 2162 Nam
524 2121 704 2183 quanquam
727 2099 802 2162 mibi
826 2121 913 2163 meus
934 2098 1018 2162 testis
1039 2113 1083 2162 est
1104 2097 1236 2181 animus,

417 2199 448 2247 te
470 2201 552 2249 caste
574 2209 692 2250 amores
713 2208 833 2269 semper
855 2185 982 2249 coluisse
1004 2208 1098 2267 meos,

416 2287 521 2336 tamen
544 2274 606 2337 vita
628 2274 749 2337 charius
770 2294 887 2336 nomen
910 2274 1022 2356 cuique
1045 2273 1210 2356 integrum,

416 2381 478 2442 quo
499 2361 594 2423 semel
616 2361 742 2443 dempto
765 2382 828 2423 non
852 2375 897 2423 est
918 2382 974 2422 cur
996 2358 1069 2422 velit
1090 2361 1202 2422 vivere.

349 2492 357 2508 .
417 2445 573 2529 Equidem
597 2449 675 2510 bene
697 2448 779 2528 facis,
803 2462 834 2510 et
858 2462 890 2510 vt
912 2448 1040 2529 probam
1063 2446 1161 2528 decet,

416 2555 487 2617 quae
512 2534 589 2596 duro
611 2549 676 2597 tam
699 2535 747 2616 pie
770 2535 847 2616 patri
870 2534 1053 2616 obsequeris.

416 2620 468 2683 sed
489 2620 566 2684 scin’
588 2621 663 2704 quid
684 2620 799 2705 vulgo?
830 2643 894 2684 non
918 2621 1004 2683 novit
1026 2636 1144 2702 patrem
1167 2641 1263 2684 amor.

346 2753 353 2770 .
414 2707 566 2770 Amorem
589 2730 710 2770 caecum
733 2729 846 2788 narras,
868 2722 901 2770 at
922 2728 1009 2770 meus
1031 2707 1123 2786 videt,

416 2810 447 2857 et
469 2793 568 2857 multa
590 2795 738 2877 praevidet
760 2796 874 2875 futura,
897 2795 929 2856 ni
952 2815 1067 2875 caveas,
1090 2792 1179 2856 mala.

416 2880 503 2954 Quid
525 2881 549 2943 si
573 2881 666 2944 iratus
687 2902 738 2943 me
760 2903 849 2944 meus
870 2881 987 2944 deserat
1009 2896 1104 2962 pater,

415 2989 473 3030 nec
495 2990 582 3030 suam
605 2969 758 3050 impotens
779 2983 924 3052 agnoscat
946 2965 1065 3030 filiam?

348 3099 355 3116 .
416 3055 462 3117 At
484 3068 515 3117 te
539 3055 688 3118 desertam
710 3055 839 3138 accipiet
862 3053 1038 3136 Eropbilus,

414 3155 446 3204 et
468 3163 554 3204 suam
577 3164 683 3205 amans
704 3157 850 3226 agnoscet
872 3143 1047 3227 coniugem.
1355 3169 1386 3221 45

346 3274 354 3292 .
415 3227 570 3311 Equidem
593 3243 648 3291 tuo
669 3250 774 3292 amore
796 3228 874 3291 nibil
897 3229 973 3290 mibi
997 3228 1164 3311 augustius,

414 3336 472 3377 nec
494 3316 578 3398 quod
601 3338 691 3399 aeque
712 3317 853 3379 animum
876 3315 1009 3377 oblectet
1032 3336 1148 3378 meum.

414 3400 472 3464 Sed
493 3401 569 3486 quid
590 3403 614 3465 si
637 3417 670 3465 et
691 3419 809 3486 patrem
834 3403 965 3464 retinere
987 3423 1110 3483 possum
1133 3415 1164 3463 et
1188 3400 1385 3484 Eropbilum,

413 3509 472 3552 nec
493 3488 625 3552 alterum
647 3489 770 3552 alterius
792 3511 884 3552 causa
905 3486 1039 3571 perdere,
