3359 4225
282 518 366 581 Aer.
383 535 415 599 4,
430 515 478 581 Se.
496 518 544 603 3⁵]
698 507 1049 586 HYMENAEUS

411 701 468 763 hos
489 722 567 764 cane
590 701 674 783 peius
696 715 728 763 et
750 722 852 784 angue
874 699 946 763 odio
968 702 1189 785 persequimur,

412 802 444 850 at
466 809 531 850 non
554 788 614 850 hoc
636 789 726 851 nobis
747 787 817 851 solis
839 789 996 871 convenit,

414 876 473 938 hoc
496 874 597 957 ipsum
619 874 691 937 alibi
714 896 839 958 quoque
861 873 970 937 dicunt
991 872 1069 938 fieri.

413 959 472 1025 Sed
493 961 568 1044 quid
591 983 649 1047 ego
671 984 722 1025 eos
745 962 777 1024 in
800 962 877 1024 retia
900 962 1034 1025 incidere
1057 960 1201 1044 postulo?

411 1048 523 1130 passim
546 1048 685 1112 rixantur
706 1063 738 1111 et
759 1048 937 1134 syllogisant
960 1049 997 1111 de
1019 1049 1156 1135 argutijs,

412 1136 531 1219 argenti
553 1156 593 1197 ne
616 1157 761 1217 scrupum
784 1136 909 1218 quidem
933 1134 1096 1218 possident.

413 1222 465 1284 sed
487 1220 605 1304 aliquos
627 1223 688 1285 huc
710 1222 899 1285 adventitare
922 1222 1021 1304 video,
1302 1294 1304 1296 ,
1357 1252 1391 1298 40

414 1308 476 1371 iam
498 1329 592 1391 prope
614 1307 769 1389 elucescit,
793 1309 843 1371 ibo
866 1310 950 1372 intro

413 1409 445 1459 et
468 1395 635 1477 expectabo
658 1396 733 1458 dum
757 1395 798 1457 illi
822 1395 960 1482 vigilant.
1098 1394 1268 1479 [Duumvir
1283 1393 1389 1459 intrat.

577 1567 745 1642 Acrus
772 1596 807 1659 4.
863 1569 1028 1641 scErvA
1055 1580 1102 1661 3².

667 1709 830 1774 Duumvir.
879 1709 1009 1774 Gothrio.

359 1877 367 1895 .
413 1829 516 1894 Modo
539 1852 590 1893 me
613 1832 786 1893 vicinorum
809 1832 992 1894 exuscitavit
1013 1831 1141 1912 clamor,

415 1918 497 1981 fures
519 1918 615 1980 auditi
638 1933 710 1981 sunt
734 1919 765 1980 in
790 1916 923 1980 Pontani
947 1920 1123 1981 mercatoris
1146 1917 1273 1999 aedibus,

414 2026 464 2068 eas
486 2004 707 2087 expilaverunt,
731 2025 906 2087 mercesque
929 2020 1096 2087 rapuerunt
1117 2006 1223 2086 varias,

413 2114 490 2176 quas
511 2092 561 2155 hic
585 2092 616 2155 in
638 2091 782 2155 schedula
804 2092 898 2174 probe
920 2106 1040 2155 notatas
1060 2114 1143 2177 gero.

416 2179 524 2242 demus
546 2200 683 2261 operam,
706 2180 811 2260 vicini,
833 2194 868 2240 vt
889 2201 941 2242 eos
963 2179 1157 2242 inveniamus
1178 2180 1290 2243 denuo.
1374 2207 1389 2258 5

415 2267 467 2329 hic
489 2287 545 2328 nos
566 2265 656 2328 decet
679 2282 802 2329 mutuas
824 2287 929 2347 operas
952 2264 1083 2346 tradere,

416 2353 524 2415 itidem
548 2354 607 2416 hoc
629 2353 718 2415 nobis
739 2352 790 2438 alij
815 2352 941 2433 facient,
963 2353 1089 2436 quando
1111 2375 1189 2435 opus
1210 2353 1277 2416 erit.

415 2438 473 2503 Sed
497 2461 536 2501 en
558 2441 856 2522 appropinquantem
878 2439 1013 2522 aliquem
1035 2440 1138 2522 audio,

416 2548 605 2606 maneamus,
628 2525 772 2588 volumus
793 2527 859 2589 eius
880 2548 1054 2589 sermonem
1076 2527 1226 2609 excipere.

346 2660 354 2677 .
415 2612 523 2687 Quam
546 2628 590 2676 est
614 2612 745 2694 difficile,
768 2611 824 2698 Dij
850 2613 932 2693 boni,
957 2615 1118 2696 negotium
1361 2643 1393 2678 10

414 2699 531 2764 amanti
556 2700 664 2762 insano
687 2700 830 2762 inservire
853 2697 1003 2763 domino!

414 2809 433 2850 a
455 2808 544 2849 caena
566 2785 684 2849 rediens
704 2802 782 2870 quot
804 2787 880 2849 mihi
904 2787 981 2849 dixit
1004 2783 1121 2870 nugas!

415 2888 484 2937 tum
508 2873 539 2934 in
562 2874 677 2935 somnis
700 2874 757 2936 hac
779 2889 872 2937 nocte
894 2875 974 2937 visus
994 2875 1096 2937 videre
1118 2873 1246 2959 Juliam,

416 2975 448 3023 et
470 2981 544 3022 cum
567 2958 617 3022 illa
638 2959 731 3022 simul
752 2959 982 3044 colloquentem
1005 2960 1199 3043 Erophilum.

418 3047 459 3111 ibi
481 3068 587 3109 secum
611 3047 643 3108 in
665 3048 794 3133 somnijs
816 3057 1000 3129 murmurat,
1362 3073 1391 3124 ¹5

416 3133 543 3196 tandem
565 3132 727 3214 exclamat,
750 3156 808 3196 nec
831 3156 882 3196 me
903 3135 976 3197 sinit
998 3134 1162 3216 quiescere.

417 3223 518 3304 “quae
542 3219 606 3300 te,''
629 3220 757 3303 inquam
780 3223 800 3257 “
810 3222 893 3301 here,
917 3242 963 3283 res
985 3219 1156 3306 agitant?’'

419 3306 522 3390 “quid
544 3321 649 3370 tecum
672 3306 825 3390 loqueris?
856 3307 931 3389 quid
953 3307 1135 3389 amplexaris
1155 3305 1335 3371 obsecro?”

417 3393 521 3477 “quid
544 3415 635 3475 porro
656 3408 714 3473 est,
737 3394 820 3477 quod
843 3392 986 3457 oscularis
1008 3407 1072 3456 tam
1093 3393 1247 3457 suaviter?
1259 3393 1279 3421 ”

417 3479 509 3546 Tum
531 3479 592 3561 ille,
615 3482 683 3543 “ah
706 3481 759 3543 vbi
782 3503 834 3544 me
856 3480 947 3544 fuisse
970 3479 1083 3542 credidi
1097 3479 1138 3543 ?'’
