3359 4225
306 547 359 625 24
682 522 1033 602 HYMENAEus
1148 533 1246 619 [Aa.
1263 551 1294 615 2,
1309 530 1359 596 sc.
1376 539 1412 617 3·

306 714 374 779 Got.
440 713 582 778 Profecto
604 715 806 779 verissimum.

305 800 412 865 Panto.
436 802 507 865 Hoc
529 802 653 885 signum
676 802 707 863 in
731 800 857 883 στηθος
880 805 996 866 bonum
1020 802 1183 866 denuntiat
1204 802 1294 883 ηθος.

306 888 373 952 Gor.
437 888 539 958 Ηθος.
585 888 764 972 quidhoc?
1381 915 1414 970 59

306 974 411 1039 Panto.
436 975 524 1048 Quid
539 978 599 1039 hoc
613 975 715 1055 ηθοςέ
736 999 875 1060 graecum
887 978 1016 1040 verbum
1029 992 1074 1039 est
1085 977 1118 1039 in
1129 976 1258 1040 latinam
1272 975 1413 1060 linguam

436 1060 610 1146 significans
633 1064 755 1145 nuptias
776 1063 825 1127 vel
848 1065 953 1127 thoros
974 1063 1159 1147 coniugales.
1208 1062 1414 1146 [distillatum

437 1149 614 1213 Mercurius
635 1150 747 1214 clamat
769 1151 853 1234 quod
875 1165 906 1214 te
928 1151 1120 1215 doctissimus
1140 1165 1234 1216 amat.

309 1236 375 1300 Got.
441 1236 549 1309 Quam
572 1238 650 1300 mira
671 1234 876 1301 vaticinatur!

307 1323 413 1387 Panto.
441 1323 484 1387 Et
506 1324 616 1388 Venus
638 1324 770 1406 docebit,
792 1324 877 1407 quod
898 1340 930 1387 te
952 1324 1078 1387 tandem
1102 1323 1153 1388 illa
1176 1324 1310 1388 habebit.

309 1410 376 1474 Gor.
437 1409 545 1484 Quam
568 1408 709 1493 poetice!
739 1412 830 1493 vnde,
855 1413 936 1492 here,
960 1410 1039 1475 ista?
1380 1425 1413 1490 ⁶5

308 1496 414 1560 Panto.
438 1498 516 1561 Sunt
539 1496 700 1560 Ptolomaei
723 1498 866 1582 quaedam
889 1498 1037 1581 Sapphica
1058 1499 1205 1564 carmina.

309 1583 375 1648 Gor.
437 1582 553 1646 Eratne
574 1584 685 1666 poeta?

308 1670 414 1734 Panto.
698 1672 896 1735 admirandus
918 1689 951 1735 vt
972 1672 1102 1735 videtur.

310 1757 376 1821 Leo.
438 1756 527 1831 Quid
549 1757 616 1821 tun’
640 1756 739 1840 illum,
763 1761 847 1841 here,
869 1760 912 1823 sic
934 1760 1048 1844 garrire
1070 1758 1202 1841 pateris?

439 1843 602 1928 loquacem
624 1843 708 1908 illam
732 1845 774 1908 illi
797 1846 937 1929 linguam
959 1848 1140 1928 comprime.

310 1931 377 1995 Fre.
440 1929 603 2015 Loquatur
623 1948 657 1995 vt
679 1932 773 1997 lubet.
819 1955 893 1996 mox
915 1956 973 2017 ego
995 1933 1080 1997 illam
1102 1934 1188 2015 adeo,
1384 1959 1417 2011 70

441 2019 566 2082 interim
586 2018 636 2082 hic
655 2020 831 2102 ambulabo,
846 2035 880 2083 vt
895 2023 1092 2084 stomachum
1107 2021 1139 2083 in
1155 2043 1279 2085 coenam
1294 2041 1415 2086 acuam.

310 2104 416 2169 Panto.
440 2104 525 2171 Satin
546 2129 641 2190 vsque
662 2106 807 2171 valuisti?

310 2191 379 2281 Jul.
439 2192 487 2256 Vt
509 2195 595 2276 potui
618 2209 649 2258 et
669 2195 762 2259 vides.

311 2279 419 2343 Panto.
443 2279 490 2343 Vt
512 2281 611 2362 video,
634 2296 702 2344 tum
726 2297 761 2345 tu
783 2303 902 2363 semper
924 2281 1044 2345 valuisti
1067 2281 1204 2365 pulchre.

310 2365 382 2518 {ul
445 2367 533 2440 Quid
556 2369 599 2430 ita
620 2367 768 2432 obsecro?

340 2468 418 2517 anto.
790 2456 864 2539 quia
885 2471 917 2519 te
938 2454 1100 2538 pulchram
1121 2456 1220 2522 video.
1385 2485 1417 2538 75

314 2541 382 2604 Got.
441 2543 495 2604 Ah
518 2541 625 2605 facete.

312 2626 383 2779 gul.
645 2627 725 2692 Non
748 2630 840 2712 cupio
862 2629 988 2693 laudari.

342 2729 419 2778 anto.
443 2713 556 2779 Credo.
602 2716 677 2799 quid
700 2739 784 2780 nunc
807 2732 910 2798 restat,
934 2714 1092 2782 Gothrio?

315 2801 382 2866 Gor.
443 2803 513 2888 Age
529 2803 632 2866 nescio
647 2804 731 2887 quid,
748 2804 796 2867 dic
812 2804 906 2867 modo
920 2803 1046 2887 aliquid,
1061 2818 1157 2887 quota
1171 2805 1211 2866 sit
1226 2805 1302 2868 hora
1317 2827 1399 2890 roga.

313 2887 419 2951 Panto.
442 2887 584 2962 Quotam
607 2912 692 2953 nunc
714 2892 822 2954 horam
845 2913 950 2954 censes
970 2913 1056 2954 nunc
1077 2913 1152 2972 esse,
1174 2890 1281 2974 Julial

444 2997 517 3039 nam
541 2998 598 3059 ego
620 2976 658 3039 ad
679 2999 733 3040 vos
754 2978 793 3040 ad
815 3000 939 3042 coenam
961 2978 1063 3041 venio.

311 3059 383 3149 Jul.
1080 3063 1235 3151 Intelligo.
1386 3083 1420 3133 80

312 3148 394 3213 Ame.
440 3149 558 3213 Eamus
577 3172 652 3234 ergo
674 3152 765 3233 intro,
788 3149 989 3236 Pantomage,
1012 3151 1053 3214 ibi
1076 3152 1132 3215 tibi
1155 3153 1212 3215 erit
1235 3151 1354 3217 melius.

314 3235 420 3300 Panto.
443 3235 514 3299 Imo
537 3238 587 3300 hic
610 3238 686 3300 mihi
709 3255 754 3302 est
775 3239 902 3321 optime.

312 3321 383 3474 {ul
442 3323 518 3386 Non
541 3327 608 3387 haec
631 3325 769 3408 praedixi,
791 3326 955 3407 Amerina,
977 3327 1081 3388 futura
1103 3324 1182 3390 tibi?

342 3424 419 3473 anto.
443 3409 551 3474 Nimis
572 3411 649 3473 mihi
672 3414 764 3476 tristis
783 3413 894 3477 videris
913 3435 987 3495 esse,
1010 3412 1104 3496 Julia,

443 3497 565 3562 sanitati
587 3501 722 3581 corporis
743 3516 871 3564 maestus
891 3500 1015 3564 animus
1035 3499 1140 3564 officit.
