3359 4225
664 522 1014 602 HYMENAEUS
1130 532 1227 617 [Aer.
1244 530 1390 617 4230?

414 719 465 779 “o
487 712 635 796 Gothrio,
659 715 806 798 Gdthrio,
830 718 892 780 iam
914 718 1028 781 amoris
1048 718 1112 779 vim
1135 716 1268 800 sentio,’'

415 803 600 867 “dormiens
621 803 725 889 vigilo,
748 826 807 867 nec
829 826 953 887 possum
975 803 1162 888 quiescere.'’

415 888 499 974 Ergo
522 892 583 954 huc
607 912 656 954 me
680 891 762 954 misit
785 892 979 954 observatum
1002 890 1191 973 clanculum,

415 998 455 1039 ne
477 978 546 1060 quis
567 978 776 1041 internuntius
798 978 837 1041 ab
860 977 1010 1060 Erophilo
1032 977 1069 1041 ad
1091 978 1209 1063 Juliam
1232 978 1368 1041 cursitet.

284 1063 368 1127 Duu.
413 1062 471 1129 Tu
493 1064 583 1147 quis?

288 1149 354 1215 Gor.
596 1153 667 1214 hem
691 1166 739 1214 tot
762 1153 872 1215 armati
895 1173 968 1215 cum
992 1152 1102 1215 inermi
1125 1173 1197 1216 vno.
1361 1176 1391 1229 ²5

284 1237 368 1300 Duu.
414 1237 524 1320 Mane,
546 1254 593 1301 est
614 1239 698 1322 quod
720 1253 752 1302 te
774 1238 854 1301 volo.

286 1324 354 1388 Got.
411 1322 470 1387 Sed
491 1348 545 1389 vos
567 1347 625 1409 ego
647 1324 729 1388 nolo.

284 1410 368 1475 Duu.
747 1411 847 1475 Mane
869 1413 1007 1496 inquam.

416 1499 482 1581 quis
503 1499 542 1562 sis
560 1500 638 1562 mihi
661 1498 778 1581 expedi.

287 1586 355 1649 Gor.
797 1585 885 1649 Idem
908 1587 959 1670 qui
983 1602 1027 1650 tu.

286 1672 369 1735 Duu.
416 1671 482 1746 Qui
506 1672 608 1737 istuc?

287 1759 356 1823 Got.
618 1759 726 1822 Homo
747 1782 826 1823 sum.

286 1845 369 1909 Duu.
415 1846 461 1909 At
485 1845 559 1910 illud
581 1847 741 1929 responde.
789 1844 949 1910 Duumvir
971 1869 1029 1933 ego
1049 1867 1129 1910 sum.
1362 1875 1395 1926 ³0

288 1932 356 1996 Got.
388 1934 458 1997 'At
480 1955 539 2020 ego
561 1934 711 1997 triumvir.

286 2019 370 2084 Duu.
725 2020 883 2104 quomodo
904 2018 1053 2084 obsecro?

288 2106 356 2172 Gor.
415 2107 534 2172 Trium
557 2106 715 2172 literarum
738 2110 843 2171 homo.

286 2194 369 2258 Duu.
848 2210 917 2258 tum
939 2210 975 2258 tu
997 2196 1022 2259 is
1043 2217 1086 2275 es,
1108 2217 1204 2279 quem
1226 2193 1383 2259 volumus.

287 2282 355 2346 Got.
416 2282 504 2357 Quid
527 2284 570 2345 ita
591 2280 720 2366 quaeso?

287 2368 369 2433 Duu.
747 2369 847 2431 furem
870 2371 954 2432 enim
976 2370 1155 2453 quaerinrus.

287 2456 355 2521 Gor.
414 2455 505 2520 Tum
528 2455 631 2519 hercle
653 2478 717 2519 non
739 2477 820 2537 sum,
843 2457 897 2539 qui
919 2478 999 2520 sum.
1045 2457 1203 2520 imovero
1225 2476 1372 2542 pernego.

417 2566 481 2627 quo
503 2565 554 2606 me
576 2542 678 2626 rapis?
714 2557 760 2606 sat
783 2543 859 2623 cito,
882 2545 905 2606 si
928 2557 974 2607 sat
997 2544 1084 2606 bene.
1363 2571 1396 2624 35

287 2630 371 2695 Duu.
416 2630 510 2694 Vnde
531 2629 587 2694 es?

603 2740 687 2780 ano
709 2717 742 2780 is.

764 2804 814 2867 hic
837 2826 894 2866 nos
915 2803 1050 2867 derisum
1072 2803 1205 2866 advenit.

417 2892 486 2976 quis
508 2892 598 2954 herus
621 2889 700 2954 tibi?

289 2977 359 3043 Gor.
722 2974 933 3064 Pantomagus
954 2977 1101 3040 medicus.

288 3066 371 3129 Duu.
417 3064 506 3139 Quid
528 3079 563 3127 tu
585 3065 636 3127 hic
658 3080 746 3128 tanto
769 3063 883 3128 mane?

291 3153 360 3217 Gor.
904 3148 1069 3214 Paululum
1091 3149 1250 3234 quiddam.

289 3239 374 3304 Duu.
420 3237 531 3313 Quid?

290 3327 360 3391 Gor.
544 3324 622 3389 nihil
644 3326 794 3408 profecto.

289 3414 373 3479 Duu.
807 3428 842 3475 vt
866 3411 983 3475 iocatur
1006 3413 1101 3474 homo
1124 3408 1261 3494 lepidus!

421 3515 498 3565 tune
520 3521 587 3579 nos,
609 3500 761 3586 mastigia,
785 3500 914 3581 impune
936 3497 1063 3563 luseris?
1368 3531 1402 3580 40
