3359 4225
695 492 1045 570 HYMENAEUS
1161 500 1423 587 fflmgssca

441 687 544 749 asinus
565 701 599 749 vt
621 708 691 749 sum
714 708 817 749 rursus
839 686 911 769 equi
934 685 1059 749 dorsum
1081 708 1231 768 premam.

368 819 376 835 .
439 770 549 837 Gratia
571 774 700 856 gratiam
723 774 811 856 parit,
833 772 917 856 quod
939 789 1026 856 grato
1048 770 1085 835 fit
1106 795 1171 835 non
1194 774 1282 856 perit.
1388 804 1423 852 40

442 860 503 922 iam
526 882 608 941 vero,
631 858 779 941 Gothrio,
801 862 874 943 quia
896 882 947 922 me
970 861 1051 942 prior
1073 882 1228 942 provocas,

440 948 567 1010 obsecro
588 969 713 1011 mecum
735 963 769 1010 vt
792 946 895 1010 redeas
919 948 951 1009 in
973 948 1113 1031 gratiam.

283 1013 295 1037 ⁰
371 1081 379 1098 .
439 1036 521 1117 Age,
544 1032 715 1115 Leonarde,
737 1035 810 1117 quia
832 1057 883 1097 me
906 1035 987 1115 prior
1009 1056 1106 1118 rogas,

440 1143 627 1205 aequumque
649 1122 725 1184 adeo
747 1120 891 1203 postulas,
913 1119 990 1183 cedo
1011 1136 1154 1185 actutum
1176 1143 1316 1187 manum.

368 1254 376 1272 .
440 1209 526 1271 Hem
549 1206 702 1271 manum?
735 1230 799 1271 non
823 1207 924 1291 placet
946 1208 1096 1290 conditio,
1387 1235 1419 1287 45

441 1296 517 1359 cedo
540 1296 616 1358 mihi
640 1294 745 1358 fidem.
1340 1327 1346 1337 ·

770 1380 889 1444 nullam
910 1381 1018 1445 habeo.

440 1469 566 1533 tandem
589 1469 672 1553 quod
694 1469 795 1533 virum
817 1490 888 1532 vere
910 1469 1146 1552 magnanimum
1170 1469 1270 1549 decet,

440 1579 535 1639 quam
550 1555 653 1619 vlcisci
669 1577 733 1618 non
749 1577 872 1638 possum
888 1556 981 1618 mitto
996 1556 1149 1620 iniuriam.
1201 1556 1319 1640 [Intrat
1330 1556 1419 1620 Fred.

440 1643 498 1706 Sed
520 1644 589 1725 quis
611 1643 662 1705 bic
685 1658 729 1705 est
751 1644 804 1726 qui
828 1642 867 1705 ab
889 1641 1053 1725 Alphonso
1076 1642 1251 1728 egreditur?

368 1777 376 1793 .
438 1730 475 1794 Id
498 1744 565 1793 tute
587 1729 706 1792 videris.
752 1751 810 1815 ego
833 1729 895 1791 iarn
916 1730 988 1792 satis
1009 1731 1103 1813 sapio.
1389 1758 1421 1810 50

600 1901 769 1975 ACTUS
798 1925 832 1996 3.
887 1903 1053 1975 sanA
1080 1916 1128 1977 ν.

551 2045 729 2110 Fredericus.
775 2045 951 2109 Leonardus.
999 2045 1131 2113 Gothrio,

372 2210 380 2226 .
442 2161 587 2225 Wanner
608 2160 651 2224 sal
673 2161 724 2223 ick
746 2159 868 2223 habben
890 2161 958 2222 min
981 2161 1066 2244 ghelt
1089 2184 1149 2225 van

441 2249 507 2312 min
528 2248 606 2312 liuer
627 2245 720 2310 hart?

733 2349 769 2397 tu
791 2332 880 2396 illum
902 2334 986 2397 adito
1007 2334 1098 2416 solus,
1121 2358 1162 2400 ne
1183 2358 1235 2399 me
1256 2336 1368 2402 videat.

439 2422 486 2485 Vt
508 2438 613 2485 tecum
636 2436 681 2484 est
705 2443 801 2499 nunc,
824 2421 892 2483 min
914 2421 1007 2484 liever
1029 2422 1120 2486 hart?

369 2557 376 2574 .
439 2510 562 2573 Vocato
583 2509 719 2589 obsecro,
744 2506 892 2588 Gothrio,
916 2509 1086 2572 tibicinem.

371 2644 378 2661 .
439 2596 581 2677 Potesne,
605 2596 776 2677 Frederice‚
799 2593 907 2659 saltare
929 2595 967 2658 ad
989 2595 1131 2679 tybiam?

370 2732 378 2747 .
441 2683 595 2763 Maxime,
618 2684 763 2746 maxime.

439 2772 537 2852 Heus,
559 2770 686 2852 tibicen,
709 2771 757 2832 exi
780 2791 886 2854 ocyus.

441 2872 568 2940 potesne
589 2857 694 2920 inflare
717 2856 1127 2920 heautontimoreumenon?

368 2942 954 3028 .Qmmmm

370 3079 378 3095 .
437 3029 549 3095 Itane?
579 3030 629 3094 ich
652 3030 695 3092 sal
717 3044 750 3094 te
771 3030 903 3093 hebben.

440 3119 502 3181 iam
525 3118 601 3180 mihi
624 3131 717 3200 caput
739 3132 770 3180 et
792 3116 874 3180 oculi
897 3115 1014 3198 dolent,

440 3208 515 3270 heus
536 3226 600 3289 quo
622 3205 684 3268 ruit
706 3203 864 3268 mundus?

439 3294 493 3355 hui
516 3308 678 3376 torquetur
700 3292 732 3354 in
755 3291 917 3355 circulum.
962 3292 1035 3355 hem
1057 3292 1132 3375 quid
1154 3294 1265 3359 video?

366 3427 374 3444 .
437 3379 525 3454 Quid
547 3379 630 3444 vides
650 3377 799 3442 obsecro?

370 3515 377 3531 .
438 3467 495 3532 Oh
518 3467 589 3530 deos
611 3466 742 3549 deasque
764 3480 905 3549 potantes
928 3467 961 3530 in
984 3467 1138 3533 convivio.
