3359 4225
284 528 368 593 Acr.
386 543 415 609 5,
432 527 479 593 Sc.
497 529 544 613 2⁸]
659 518 1011 598 HYMENAEUS

417 705 500 771 Volo
523 706 553 769 id
577 709 669 791 igitur
692 710 766 771 hinc
788 711 889 792 primo
911 711 1080 794 exquirere,

415 811 492 877 post.
504 816 576 858 eum
599 796 720 858 humari
743 797 872 859 honeste
895 798 989 860 etiam
1011 797 1092 879 volo,

417 882 448 944 in
472 904 544 945 eum
566 879 661 944 finem
683 884 726 945 sic
749 884 810 946 buc
832 884 933 946 vestiti
956 885 1108 948 venimus.
1357 915 1389 965 3⁰

416 968 442 1049 1,
466 967 621 1049 Pantaleo,
644 968 778 1053 aliquem
800 985 929 1033 evocato
951 970 1039 1051 foras,

415 1056 468 1139 qui
492 1054 534 1117 illi
557 1055 637 1119 dicat
660 1078 711 1118 me
733 1057 899 1119 convenire
922 1080 1042 1139 cupere.

285 1141 398 1206 Panto.
417 1140 476 1206 Eo.
520 1142 572 1205 sed
594 1164 665 1206 ecce
688 1143 802 1208 Sannio
823 1144 976 1226 Alphonsi
999 1144 1144 1209 servulus.

288 1226 354 1292 Fer.
418 1227 538 1291 Salveto
560 1227 705 1293 multum.
750 1230 891 1313 nunquid
914 1231 1066 1313 Alphonsi
1088 1231 1247 1295 servulus?

348 1363 355 1379 .
416 1314 459 1378 Et
481 1330 517 1379 tu
538 1317 673 1400 quisquis
694 1339 735 1398 οε,
758 1340 828 1380 sum
851 1318 976 1381 hercule
997 1320 1103 1382 fateor.
1355 1348 1386 1398 35

345 1450 353 1466 .
416 1401 504 1475 Quin
529 1404 602 1466 hero
624 1420 680 1465 tuo
701 1406 826 1467 obsecro
850 1405 944 1468 dicito

416 1511 488 1569 esse,
510 1490 563 1572 qui
586 1488 717 1552 libenter
739 1490 827 1553 illum
850 1509 1040 1555 conventum
1063 1493 1176 1573 cupiat.

348 1623 356 1640 .
416 1575 508 1639 Hanc
530 1599 594 1638 non
617 1592 739 1660 gravate
761 1600 886 1660 operam
908 1578 988 1642 dabo
1010 1581 1077 1644 tibi.

345 1710 353 1727 .
416 1662 519 1726 Nimis
541 1665 645 1744 miror,
667 1664 741 1747 quid
764 1686 962 1746 responsurus
984 1668 1022 1730 sit
1045 1667 1132 1731 mihi.

416 1749 560 1836 negabit?
596 1752 648 1833 qui
672 1750 794 1832 potest?
830 1752 997 1816 fatebitur?
1034 1776 1098 1816 non
1120 1754 1185 1817 sine
1207 1752 1299 1817 malo.
1355 1783 1388 1830 40

285 1835 397 1899 Panto.
417 1836 492 1900 Non
515 1859 572 1922 ego
593 1859 677 1917 eum,
701 1839 782 1917 bere,
805 1854 881 1921 puto
904 1841 1072 1921 resciscere,

416 1923 498 2005 quod
522 1925 553 1985 in
576 1925 640 1986 istis
662 1924 827 2007 Erophilus
849 1926 941 1989 fuerit
964 1926 1090 1992 aedibus.

416 2010 513 2092 perdis
534 2032 607 2096 ergo
629 2011 755 2094 Juliam,
778 2013 801 2074 si
825 2035 891 2075 rem
914 2014 1014 2095 palam
1037 2015 1138 2077 facias.

285 2096 353 2162 Fer.
418 2096 504 2171 Quid
520 2098 597 2161 mihi
612 2098 696 2182 Julia
711 2121 773 2181 prae
792 2097 952 2182 Erophilo,
970 2099 1138 2164 Pantaleo?
1165 2098 1268 2185 [Alph.
1282 2099 1388 2165 intrat.

415 2185 467 2248 sed
490 2207 609 2266 eccum,
630 2187 692 2268 ipse
715 2186 839 2248 tandem
863 2188 1016 2273 egreditur
1038 2189 1127 2252 foras.
1357 2216 1388 2267 45

572 2325 742 2398 ACTUS
771 2349 803 2422 ς.
859 2328 1025 2400 SCENA
1053 2339 1100 2400 2⁸.

456 2440 619 2524 Alphonsus.
665 2440 877 2506 Ferdinandus.
922 2443 1073 2508 Pantaleo.
1119 2442 1221 2531 Julia.

286 2545 353 2609 Fer.
417 2544 588 2627 Alphonse,
610 2543 701 2626 salve,
723 2546 766 2608 sic
789 2560 820 2608 te
843 2548 943 2609 vocari
967 2545 1068 2610 audio.

288 2631 374 2717 Alph.
414 2632 457 2696 Et
480 2647 514 2694 tu
536 2633 679 2712 vicissim,
702 2654 890 2715 quocunque
911 2635 1028 2696 vocaris
1050 2634 1186 2696 nomine.

286 2719 353 2785 Fer.
417 2719 629 2781 Ferdinandus
650 2740 730 2800 sum,
754 2734 844 2782 natus
865 2719 1006 2803 altusque
1028 2721 1180 2805 Venetijs.

287 2805 374 2890 Alth.
414 2806 489 2868 Non
513 2827 571 2891 ego
593 2820 624 2868 te
646 2807 728 2887 novi,
750 2805 802 2868 sed
824 2808 849 2868 si
873 2807 897 2869 is
918 2808 957 2870 sis
978 2807 1084 2887 modo,

415 2891 505 2955 multi
528 2891 567 2954 de
589 2907 620 2954 te
642 2892 740 2954 multa
762 2893 844 2955 bona
866 2909 1049 2958 memorant.

418 2977 474 3041 Pol
496 2978 582 3041 audis
604 2980 692 3042 bene.

287 3065 355 3130 Fer.
712 3065 783 3130 Imo
804 3088 877 3130 vero
900 3065 990 3131 male.

288 3152 376 3236 Alph.
418 3152 485 3226 Qui
507 3150 637 3236 quaeso?

288 3240 356 3304 Fer.
656 3238 741 3312 Quia
762 3239 863 3303 lilium
885 3240 977 3302 audio
999 3240 1120 3324 perijsse
1142 3238 1338 3321 Erophilum.

288 3325 379 3411 Alph.
421 3326 521 3390 Tune
542 3328 667 3390 obsecro
690 3349 722 3389 es
743 3342 827 3409 pater
850 3325 1023 3408 Erophilo,?

289 3414 357 3477 Fer.
1031 3413 1107 3475 Non
1129 3433 1209 3494 sum,
1231 3428 1263 3476 at
1286 3411 1341 3476 fui.

289 3499 380 3584 Alph.
420 3500 492 3583 Jam
515 3520 566 3562 me
589 3499 670 3563 aedes
692 3499 735 3562 illi
759 3500 948 3564 interdixisse
971 3499 1069 3581 doleo,
