3359 4225
295 504 380 571 Act.
395 528 427 591 4,
443 511 491 575 Sc.
512 513 556 598 1⁸]
673 504 1022 584 HYMENAEUS
1352 457 1402 606 l9

428 696 588 762 concedite
610 699 729 762 miserae
753 715 784 762 et
807 700 988 762 miserandae
1012 698 1161 780 faeminae,

426 797 459 847 vt
481 786 576 847 vitam
597 785 687 849 liceat
710 786 838 850 invisam
861 788 955 850 nimis
976 807 1129 869 rumpere.

426 870 568 954 Jaculare
589 874 728 936 flammas
750 874 894 954 vindices,
917 896 1038 937 summe
1060 889 1156 956 pater,

428 959 460 1020 in
483 980 544 1041 me,
567 982 619 1023 me
641 960 769 1044 inquam
792 961 917 1024 nefandi
941 983 1064 1024 causam
1087 959 1172 1041 mali,

427 1068 551 1109 meme
574 1048 691 1129 petatis.
736 1070 831 1131 quarn
854 1070 945 1111 suave
967 1049 1084 1111 miseris
1106 1043 1207 1110 mori!

426 1132 460 1198 Ο
483 1131 572 1196 dulce
594 1135 752 1218 quondam
774 1136 888 1198 animae
911 1133 1075 1198 dimidium
1097 1155 1191 1212 meae,

422 1220 490 1303 quis
511 1236 541 1283 te
565 1223 640 1284 mihi
664 1244 750 1285 casus
772 1223 924 1286 infaustus
946 1220 1091 1285 abstulit?

425 1306 499 1390 quid
523 1310 661 1371 meruisti
685 1331 740 1372 cur
762 1310 805 1372 sic
828 1311 938 1391 perires
961 1308 1086 1372 subito?

425 1392 493 1458 Vos
514 1389 568 1459 v'os
589 1395 719 1478 appello,
742 1397 816 1459 dirae
838 1397 983 1460 authores
1005 1397 1098 1477 necis,

425 1482 577 1545 rationem
598 1484 675 1545 milri
698 1484 794 1567 erepti
817 1484 933 1546 reddite
956 1482 1106 1565 Erophili.

425 1568 582 1652 Erophile,
604 1570 678 1654 quid
702 1569 803 1634 iaces?
832 1571 907 1653 quid
929 1593 1013 1633 meas
1034 1569 1172 1654 querelas
1194 1568 1335 1654 negligis,

425 1678 484 1720 nec
505 1679 557 1719 me
579 1672 613 1720 vt
634 1656 711 1722 soles
734 1657 816 1722 dulci
839 1658 943 1721 solaris
965 1657 1063 1721 voce?

424 1742 482 1808 Sed
503 1744 578 1828 abijt
601 1743 651 1808 ille
674 1746 745 1827 heu,
767 1746 857 1826 eheu,
879 1746 965 1830 abijt.

367 1877 375 1895 .
420 1830 507 1905 Quid
529 1831 640 1895 frustra
660 1831 742 1912 deos,
766 1834 848 1912 hera,
871 1831 1002 1915 querelis
1023 1854 1131 1896 oneras

423 1940 481 1982 nec
503 1933 533 1980 te
555 1918 679 1982 solaris?
708 1941 772 1982 non
796 1918 927 1982 redeunt
947 1921 1112 2002 praeterita,

422 2006 461 2068 ad
482 2027 637 2089 quemque
660 2003 756 2069 finem
778 2008 897 2087 primus
918 2022 964 2069 est
986 2006 1063 2069 velle
1086 2006 1205 2089 gradus,

422 2090 565 2177 patiendo
587 2093 675 2157 decet
697 2116 824 2156 omnem
848 2094 1005 2157 fortunam
1028 2094 1160 2158 vincere.

354 2226 362 2244 .
421 2181 582 2260 Amerina,
604 2196 682 2261 tace,
705 2203 768 2244 non
792 2182 851 2244 fert
873 2181 1009 2244 solamen
1032 2182 1128 2245 dolor.

367 2314 374 2331 .
420 2268 513 2334 Silere
535 2290 630 2349 nunc,
653 2270 736 2350 hera,
759 2284 812 2331 tua
834 2268 977 2331 voluntas
1000 2269 1095 2350 iubet,

421 2379 439 2418 e
461 2370 568 2418 contra
590 2377 641 2418 me
662 2357 745 2438 cogit
767 2355 851 2439 loqui
874 2354 958 2419 fides.

421 2443 504 2525 quod
527 2464 591 2503 non
614 2442 753 2523 prodesse
774 2444 953 2526 quicquam,
976 2445 1081 2507 obesse
1104 2458 1214 2525 potest,

420 2530 489 2613 quis
509 2551 600 2592 sanus
620 2528 716 2591 velit?
747 2530 823 2613 quid
845 2531 868 2593 si
891 2551 948 2593 nos
969 2532 1132 2614 quisquam

419 2615 495 2680 dum
517 2637 571 2698 per
592 2615 705 2698 plateas
727 2632 872 2698 transeat,
895 2617 974 2680 sorte
997 2618 1107 2699 videat,

419 2725 475 2767 nos
498 2703 580 2766 illico
601 2702 694 2766 caedis
719 2725 782 2766 reas
803 2719 921 2790 arguet,

418 2811 477 2853 nec
499 2788 620 2853 violatae
643 2790 807 2853 vitabimus
830 2791 945 2853 famam
968 2789 1134 2872 pudicitiae.

417 2878 485 2940 haec
506 2876 593 2939 dictu
614 2878 716 2963 gravia
738 2891 821 2959 sunt,
845 2900 985 2960 perpessu
1007 2899 1122 2960 aspera,

417 2963 598 3047 impendent
619 2980 736 3046 tamen,
759 2964 792 3026 ni
814 2979 881 3027 tute
903 2965 959 3027 tibi
982 2986 1097 3027 caveas.

354 3098 362 3116 .
417 3050 475 3114 Tu
498 3072 580 3136 ergo,
604 3051 765 3132 Amerina,
788 3052 935 3135 quicquid
958 3051 1074 3114 lubebit
1097 3051 1200 3115 facito.

361 3185 370 3202 .
415 3136 445 3202 Si
468 3159 585 3218 meum,
609 3139 691 3219 hera,
714 3138 879 3201 consilium
902 3139 1019 3220 probes,

415 3247 474 3312 ego
495 3239 527 3287 te
548 3225 635 3287 omni
657 3224 791 3287 liberabo
812 3225 972 3304 dedecore,

417 3325 521 3394 postea
542 3310 678 3375 dolorem
701 3311 815 3374 sensim
839 3313 960 3374 minuet
982 3311 1055 3373 dies.

286 3395 357 3487 Jul.
414 3396 530 3462 Parebo
556 3399 621 3462 tibi.
666 3399 718 3461 sed
741 3398 790 3462 dic
812 3421 876 3482 quo
897 3398 1024 3461 tandem
1047 3393 1164 3459 modo?

286 3484 369 3551 Ama.
414 3484 591 3570 Erophilus,
613 3487 695 3566 hera,
718 3485 819 3548 adhuc
842 3507 913 3547 cum
938 3484 1065 3562 viveret,
