3359 4225
323 488 374 595 5⁶
704 488 1054 568 HYMENAEus
1109 518 1115 603 s
1169 498 1267 606 [⁸01-
1283 432 1471 583 5‚‘sc.2·¹

453 682 505 746 dili
528 698 614 746 enter
637 683 774 766 exquire,
796 682 871 766 quid
893 682 1023 746 fateatur
1045 683 1137 747 vides.
1262 684 1266 692 ’

323 768 435 832 Panta.
452 705 545 851 prol,
566 791 688 833 summe
709 770 841 853 Jupiter,
864 792 949 833 serva
971 792 1022 834 me
1043 770 1180 834 obsecro.
1282 794 1284 797 ·

454 857 530 940 quid
544 878 601 940 ego
617 879 701 937 nam,
718 859 801 938 here,
818 858 947 920 monstri
962 855 1075 920 video?
1132 854 1251 941 [Intrat
1265 856 1432 941 Eropbt‘lus.

324 942 392 1023 Fen
455 942 544 1017 Quid
566 943 729 1023 exclamas,
751 942 883 1007 stolide?
912 943 987 1026 quid
1008 952 1114 1008 autem
1136 942 1272 1008 metuis?
1401 971 1433 1024 7⁵

325 1028 438 1094 Panto.
454 1029 605 1113 Erophili,
629 1032 711 1110 bere,
735 1030 854 1094 malum
876 1031 1005 1114 genium
1026 1030 1126 1095 video.

455 1118 538 1198 here,
561 1140 635 1181 cave
657 1118 723 1198 tibi,
747 1119 953 1181 incantatores
974 1117 1097 1198 plurimi

456 1204 506 1267 hic
528 1221 601 1268 sunt
623 1202 751 1290 Patavij.

325 1290 393 1353 Fer.
514 1323 520 1333 ·
754 1291 840 1354 Bene
863 1290 1000 1374 profecto
1022 1312 1140 1355 mones.

326 1375 416 1460 Alph.
457 1377 510 1438 An
535 1376 624 1441 illum
646 1376 786 1460 Erophili
810 1377 929 1441 malum
951 1378 1079 1461 genium
1102 1376 1245 1442 creditis?

457 1465 594 1527 insanitis
616 1464 718 1545 credo,
740 1466 817 1548 quin
840 1486 915 1528 cum
937 1463 996 1528 alio
1019 1487 1091 1529 ecce
1112 1464 1260 1548 loquitur,
1401 1483 1435 1533 80

455 1572 549 1633 quern
572 1573 630 1635 ego
652 1552 724 1614 novi
747 1554 851 1634 probe,
875 1567 980 1634 estque
1002 1549 1162 1615 Duumvir
1183 1552 1269 1617 adeo.

325 1637 394 1701 Fer.
457 1636 563 1701 Salvus
584 1660 663 1719 sum,
687 1660 773 1702 meus
795 1639 887 1701 credo
909 1654 955 1701 est
977 1636 1153 1720 Erophilus.

326 1722 414 1806 Alph.
457 1723 500 1787 Et
522 1747 580 1811 ego
601 1723 701 1788 salvus
723 1741 754 1788 et
776 1724 857 1787 salva
879 1726 954 1787 item
975 1724 1071 1807 Julia,

457 1833 552 1894 quam
574 1834 662 1895 spero
684 1812 770 1874 omni
795 1812 857 1873 iam
879 1810 1015 1893 periculo
1038 1811 1175 1876 liberam.

457 1897 577 1961 Eorum
600 1921 775 1962 sermonem
797 1899 985 1981 excipiamus
1007 1897 1167 1981 paulisper.

620 2080 788 2154 ACTUS
816 2101 849 2176 ς.
901 2080 1066 2154 SCENA
1093 2092 1141 2174 3⁸.
1200 2179 1202 2182 y

327 2224 491 2287 Duumvir.
540 2224 751 2288 Ferdinandus.
801 2223 969 2308 Alphonsm.
1022 2223 1174 2288 Pantalco.
1225 2224 1433 2310 Pantomagus.

542 2309 643 2398 Julia.
689 2309 841 2374 Amerina.
887 2310 1052 2395 Erophilus.
1099 2311 1230 2377 Gothrio.

329 2425 412 2489 Duu.
457 2427 591 2508 Nequeo
614 2425 704 2487 hodie
726 2426 779 2488 abs
802 2440 833 2487 te
855 2446 964 2487 verum
987 2423 1159 2506 exculpere,

461 2528 494 2574 vt
517 2512 594 2574 milri
618 2512 700 2574 dicas
721 2510 796 2594 quid
819 2512 851 2572 in
874 2511 933 2596 hijs
955 2511 1061 2574 feceris
1082 2510 1221 2576 aedibus?

457 2600 509 2682 qui
534 2599 591 2662 nisi
615 2599 692 2660 mihi
716 2620 781 2661 rem
804 2620 932 2661 omnem
956 2599 1089 2679 nunties,

458 2686 569 2749 frustra
590 2708 608 2747 a
631 2707 682 2748 me
705 2700 846 2767 expectas
867 2685 1028 2748 auxilium.

366 2848 370 2858 Ι
460 2795 531 2835 nam
555 2788 591 2835 tu
611 2774 649 2834 ab
673 2771 731 2834 illis
753 2772 845 2834 caedis
868 2793 935 2835 reus
958 2772 1102 2858 argueris,

456 2875 511 2922 aut
533 2857 652 2939 saltem,
675 2873 828 2941 quantum
853 2859 1063 2922 coniecturam
1087 2858 1176 2940 facio,

457 2962 492 3010 tu
516 2946 601 3009 istius
623 2945 696 3008 furti
719 2945 829 3008 videris
852 2946 927 3007 item
950 2945 1100 3009 conscius.

326 3034 395 3098 Fer.
456 3032 627 3107 Quodnam
651 3030 701 3095 ille
724 3032 843 3095 furtum
866 3046 968 3094 narrat
989 3031 1138 3096 obsecro?

457 3119 508 3184 sed
530 3135 616 3182 estne
638 3119 689 3181 hic
712 3118 889 3201 Erophilus,
913 3118 1069 3199 Pantaleo,
1093 3142 1190 3202 meus,

457 3229 552 3290 quem
574 3205 693 3269 dudum
716 3221 748 3269 te
769 3205 877 3268 vidisse
899 3206 1000 3268 dixisti
1025 3205 1211 3270 mortuum?
1406 3238 1438 3275 10

327 3294 440 3359 Panto.
457 3295 533 3357 Non
556 3293 699 3376 equidem
722 3293 861 3356 arbitror.
905 3308 941 3356 tu
964 3291 1052 3355 illum
1074 3294 1163 3357 adeas
1184 3316 1268 3358 cave.

457 3381 534 3464 quin
558 3379 658 3444 multo
681 3379 773 3463 pallet
796 3379 903 3463 magis,
925 3380 948 3442 si
973 3402 1045 3442 eum
1068 3379 1205 3444 advertas
1227 3382 1331 3464 probe.

457 3483 526 3531 tum
550 3467 592 3530 illi
614 3466 694 3549 vide,
717 3482 751 3529 vt
774 3467 938 3531 hebescant
960 3465 1054 3548 oculi,
