3359 4225
565 955 999 1047 HYMENAEUS

284 1381 327 1474 4.
622 1266 934 1346 PROLOGUS

313 1582 508 1668 Hymenaeus
529 1584 637 1648 adsum
660 1584 786 1648 thalami
809 1583 978 1670 coniugalis
1001 1583 1084 1665 deus,

313 1668 426 1733 faelices
449 1672 594 1735 omnibus
615 1687 828 1754 apportaturus
851 1671 982 1753 nuptias·

312 1778 397 1819 nunc
420 1780 481 1840 qua
502 1760 599 1842 gratia
621 1761 682 1821 huc
705 1759 841 1821 venerim
864 1758 1003 1839 accipite.

311 1841 369 1906 Est
393 1845 424 1906 in
448 1845 530 1909 hisce
553 1846 670 1909 aedibus
692 1846 811 1930 integra
833 1846 919 1931 virgo
940 1842 1036 1926 Julia‚

310 1952 404 2011 quam
427 1946 488 1994 tres
509 1933 651 1995 ambiunt
674 1930 881 2017 Pantomagus
902 1930 1094 2014 vaniloquus,

311 2016 490 2081 Fredericus
512 2019 719 2100 Teutonicus,
742 2034 773 2081 et
794 2018 959 2082 scholaster
981 2015 1155 2099 Erophilus.

312 2101 504 2189 Pantomago
526 2122 652 2192 gnatam
675 2106 759 2188 cupit
785 2104 885 2169 locare
906 2128 1011 2185 senex,

310 2191 393 2274 quod
415 2192 530 2275 amplas
552 2215 624 2276 opes
647 2194 674 2255 ei
698 2208 783 2276 pater
805 2193 971 2275 reliquerit.

312 2279 405 2342 Hanc
428 2281 606 2362 nuptiarum
629 2295 746 2362 pestem
769 2280 954 2362 impeditum
976 2277 1078 2360 venio,

309 2365 391 2429 solus
412 2367 497 2428 enim
520 2367 636 2448 optime
658 2369 789 2450 cognovi
812 2365 1019 2446 incommoda,

244 2478 255 2515 ·.
309 2475 348 2515 ex
371 2453 470 2515 isthoc
493 2453 580 2517 fonte
603 2454 725 2535 impuro
746 2476 818 2536 quae
843 2454 1010 2535 profluunt.

310 2538 438 2602 Accedo
461 2540 553 2626 igitur
575 2539 762 2622 opitulatum
784 2538 892 2622 Juliae,

309 2641 343 2689 vt
365 2625 416 2688 illa
439 2626 526 2690 illurn
547 2628 604 2691 sibi
627 2628 737 2690 habeat
759 2628 935 2711 coniugem,

308 2735 402 2794 quem
425 2728 520 2793 amat,
544 2729 575 2776 et
597 2736 699 2798 aquo
722 2713 897 2777 reclamatur
919 2713 1064 2777 maxime.

308 2800 405 2863 Nunc
428 2800 501 2884 (qua
522 2822 591 2863 sum
614 2800 777 2864 clementia
799 2801 936 2863 comicus
958 2799 1054 2884 deus),

307 2888 380 2971 quia
402 2887 503 2969 ipsum
525 2888 584 2951 hoc
608 2889 668 2950 iam
691 2887 752 2951 vidi
774 2889 886 2969 saepius

309 2973 380 3036 deos
402 2974 476 3037 alios
498 2975 529 3036 in
554 2973 702 3037 Plautinis
724 2974 875 3037 factitasse
898 2972 1016 3054 fabulis,

308 3076 421 3124 caetera
442 3062 528 3123 vobis
549 3061 723 3147 argumenti
746 3082 832 3123 more
856 3061 989 3144 eloquar.

307 3147 338 3211 Is
359 3167 454 3232 quem
477 3146 594 3210 dudum
617 3148 702 3211 vobis
724 3147 785 3210 dixi
810 3146 984 3229 Erophilun

306 3233 381 3298 dum
404 3232 484 3297 clam
506 3235 543 3297 ad
566 3235 718 3318 virginem
741 3250 837 3297 noctu
860 3233 1040 3317 ingreditur,

307 3322 476 3384 infortunio
500 3321 664 3403 improviso
685 3319 811 3383 effertur
833 3343 889 3403 pro
910 3336 1045 3402 mortuo,

305 3408 358 3472 sed
380 3429 450 3470 mea
472 3407 597 3470 tandem
619 3423 650 3471 et
671 3406 806 3490 Junonis
827 3430 919 3490 opera

287 3543 321 3586 M.
335 3542 358 3586 S.

692 1461 869 1546 Hymenaeus
