3359 4225
268 549 354 640 Ace.
369 568 401 633 2,
417 550 465 615 Se
482 550 529 638 3¹]
646 543 996 622 HYMENAEUS

270 734 340 824 για.

269 910 377 976 Panto.

270 1172 339 1236 Fre.

273 1432 339 1498 Gor.

271 1519 377 1584 Panto.

271 1607 339 1672 Fre.

270 1693 335 1758 Leo.

271 1779 377 1846 Panto.

273 1868 338 1932 Got.

272 1953 340 2043 Jul.
362 1975 365 1981 ·

271 2042 340 2107 Fre.

270 2213 340 2304 Jul.

271 2304 339 2368 Fre.

269 2388 340 2478 Ju.

271 2565 340 2630 Fre.

270 2651 376 2717 Panto.

271 2826 337 2892 leo.

403 738 492 813 Quid
514 740 570 805 tibi
592 741 707 822 videor,
730 739 933 824 Pantomage,
957 741 1070 821 nescio,
1167 774 1169 778 v

401 827 514 890 tristior
534 828 678 911 equidem
701 850 766 891 non
787 849 857 891 sum
879 849 973 911 quam
995 828 1088 891 soleo.

401 913 522 995 Nesis,
545 936 619 977 nam
641 915 763 977 sanitati
785 915 920 997 corporis
942 931 1067 978 maestus
1087 915 1210 977 animus
1231 913 1337 995 officit,

402 1000 432 1062 id
453 1001 530 1064 adeo
552 1024 674 1084 possum
696 1018 813 1084 septem
835 1003 1025 1086 argumentis
1045 1002 1215 1083 ostendere,

400 1109 472 1170 φιτ
495 1089 649 1152 brevitatis
670 1111 760 1152 causa
782 1090 1017 1171 praetermittam
1040 1089 1155 1152 omnia.
1341 1118 1375 1169 90

400 1173 472 1257 Jam
495 1175 621 1239 tandem
644 1176 683 1239 da
704 1176 780 1239 mihi
803 1176 949 1260 loquendi
971 1175 1222 1257 vicissitudinem,

401 1261 525 1325 hercule
546 1285 620 1345 pace
641 1263 722 1346 quod
746 1262 800 1326 fiat
820 1278 886 1345 tua,

400 1363 435 1410 vt
455 1348 546 1412 liceat
567 1350 733 1414 convenire
756 1352 846 1432 hanc,
869 1365 900 1413 et
922 1350 993 1413 dare
1015 1372 1086 1433 φιτ
1109 1349 1263 1412 volumus.

403 1435 551 1519 Aequum
573 1437 716 1519 postulat,
739 1439 821 1519 here,
845 1438 884 1501 da
906 1437 948 1499 illi
971 1438 1105 1500 veniam.
1236 1436 1374 1520 [poterit.

403 1520 481 1585 Non
512 1539 619 1586 metuo
648 1547 688 1586 ne
718 1526 794 1587 mihi
824 1546 964 1587 amorem
999 1525 1166 1607 praeripiat,
1196 1538 1266 1607 agat
1300 1522 1374 1606 quid

406 1610 490 1672 Hem
506 1610 563 1674 ista
578 1611 644 1693 tibi,
660 1612 737 1674 min’
751 1611 846 1695 Julia,
862 1612 975 1674 amoris
990 1612 1021 1673 in
1036 1627 1068 1675 te
1083 1612 1145 1674 mei
1162 1611 1284 1673 indicia.
1341 1623 1374 1691 96

400 1696 486 1759 Bene
507 1713 564 1778 est,
587 1700 669 1761 here.
691 1720 815 1762 exorsus
836 1720 868 1761 es
890 1698 1026 1780 pulchre.

402 1783 484 1847 Haec
505 1800 578 1847 sunt
599 1785 680 1849 dona
702 1785 887 1849 triobularia.

885 1872 956 1936 Imo
977 1871 1236 1955 quadrantularia.

401 1955 453 2019 Ad
475 1957 550 2041 quid
571 1957 762 2040 conducunt,
785 1959 968 2023 Frederice?

983 2046 1035 2107 Ad
1057 2045 1133 2129 quid
1154 2042 1353 2107 conducunt?

401 2131 471 2197 vide
493 2134 678 2216 imperitiam
701 2134 854 2197 foeminae.
897 2133 937 2197 ad
958 2132 1145 2217 gustandum
1168 2148 1287 2215 potum.
1327 2162 1375 2198 100

400 2219 447 2282 At
469 2220 556 2284 istaec
577 2243 642 2284 non
663 2244 745 2285 amo.

741 2308 832 2372 Tum
855 2324 890 2371 tu
913 2307 994 2370 bona
1015 2329 1079 2370 non
1101 2329 1186 2370 amas
1207 2305 1327 2389 aedipol.

400 2392 528 2457 Tamen
551 2416 615 2457 non
638 2417 746 2459 recuso
767 2411 798 2458 et
821 2396 877 2458 tibi
901 2394 999 2458 habeo
1021 2395 1161 2477 gratiam.

401 2501 442 2544 en
464 2479 516 2544 illa
537 2482 651 2565 accipe,
674 2483 835 2546 Amerina.

852 2568 923 2632 Imo
944 2590 1048 2632 servus
1069 2568 1198 2652 gestabit
1220 2589 1316 2632 meus.

401 2654 477 2717 Non
492 2677 615 2737 possum
630 2657 692 2738 pati
704 2670 768 2719 tam
784 2657 980 2738 incomptum
995 2656 1116 2719 asinum
1131 2677 1204 2719 cum
1220 2672 1284 2719 tarn
1297 2653 1376 2718 bella

403 2742 435 2804 in
450 2764 514 2825 quo
528 2742 607 2805 nihil
622 2757 667 2806 est
681 2743 844 2824 acuminis,
860 2764 900 2806 ne
914 2742 1073 2806 tantillum
1089 2742 1216 2828 ingenij.
1244 2742 1375 2826 [virgine

402 2828 531 2909 Audin'‚
556 2831 639 2911 here,
661 2852 731 2913 φιτ
754 2829 897 2913 loquatur
919 2828 1079 2893 medicus?
1329 2842 1376 2894 106

402 2916 598 2998 incomptum
621 2932 652 2980 te
673 2939 735 2980 esse
758 2917 832 2979 dicit
855 2933 885 2980 et
907 2917 1076 2999 stupidum.

332 3002 1069 3087 ‚fflwwmmfflml

401 3111 466 3153 non
488 3106 616 3172 vestem,
638 3090 690 3153 sed
711 3091 803 3154 vestis
825 3091 941 3153 fartum
963 3105 1070 3152 amant
1092 3088 1245 3153 mulieres.

329 3223 338 3242 .
403 3175 461 3241 Sed
482 3179 631 3260 quoniam
653 3178 777 3264 ingenio
799 3177 947 3261 gloriatur
967 3198 1033 3257 suo,
1330 3207 1377 3242 110

403 3263 487 3327 dabis
501 3266 578 3328 mihi
591 3265 724 3346 veniam,
735 3280 770 3328 vt
784 3264 927 3348 quaedam
944 3262 987 3325 illi
1003 3284 1173 3345 proponam
1188 3264 1364 3346 aenigmata.

404 3350 507 3415 Dabo.

533 3453 565 3501 et
586 3454 622 3502 tu
644 3440 731 3521 item,
752 3436 846 3521 Julia.

332 3572 341 3589 .
401 3524 461 3590 Me
482 3523 608 3589 lubente
630 3526 746 3590 feceris.
