<?xml version="1.0" encoding="UTF-8"?>
<!DOCTYPE html PUBLIC "-//W3C//DTD XHTML 1.0 Transitional//EN"
    "http://www.w3.org/TR/xhtml1/DTD/xhtml1-transitional.dtd">
<html xmlns="http://www.w3.org/1999/xhtml" xml:lang="en" lang="en">
 <head>
  <title>
</title>
<meta http-equiv="Content-Type" content="text/html;charset=utf-8" />
  <meta name='ocr-system' content='tesseract 3.04.00' />
  <meta name='ocr-capabilities' content='ocr_page ocr_carea ocr_par ocr_line ocrx_word'/>
</head>
<body>
  <div class='ocr_page' id='page_1' title='image "./hymenusacomedya01smitgoog_0040.png"; bbox 0 0 3359 4225; ppageno 0'>
   <div class='ocr_carea' id='block_1_1' title="bbox 712 524 1442 618">
    <p class='ocr_par' dir='ltr' id='par_1_1' title="bbox 712 524 1442 618">
     <span class='ocr_line' id='line_1_1' title="bbox 712 524 1442 618; baseline -0.003 -17"><span class='ocrx_word' id='word_1_1' title='bbox 712 524 1062 603; x_wconf 86' lang='lat' dir='ltr'>HYMENAEUS</span> <span class='ocrx_word' id='word_1_2' title='bbox 1177 534 1275 618; x_wconf 81' lang='lat' dir='ltr'>[Aer.</span> <span class='ocrx_word' id='word_1_3' title='bbox 1296 554 1324 617; x_wconf 89' lang='lat'>1,</span> <span class='ocrx_word' id='word_1_4' title='bbox 1339 533 1389 599; x_wconf 88' lang='lat' dir='ltr'>Sc.</span> <span class='ocrx_word' id='word_1_5' title='bbox 1404 543 1442 618; x_wconf 83' lang='lat'>4⁸</span> 
     </span>
    </p>
   </div>
   <div class='ocr_carea' id='block_1_2' title="bbox 460 715 1442 1495">
    <p class='ocr_par' dir='ltr' id='par_1_2' title="bbox 463 715 1442 890">
     <span class='ocr_line' id='line_1_2' title="bbox 463 715 1442 803; baseline 0.005 -23"><span class='ocrx_word' id='word_1_6' title='bbox 463 715 521 780; x_wconf 90' lang='lat' dir='ltr'>Tu</span> <span class='ocrx_word' id='word_1_7' title='bbox 544 738 625 798; x_wconf 90' lang='lat' dir='ltr'>vero,</span> <span class='ocrx_word' id='word_1_8' title='bbox 647 717 767 799; x_wconf 88' lang='lat' dir='ltr'>Venus,</span> <span class='ocrx_word' id='word_1_9' title='bbox 790 740 902 782; x_wconf 89' lang='lat' dir='ltr'>navem</span> <span class='ocrx_word' id='word_1_10' title='bbox 923 719 967 782; x_wconf 92' lang='lat' dir='ltr'>sic</span> <span class='ocrx_word' id='word_1_11' title='bbox 990 741 1093 782; x_wconf 88' lang='lat' dir='ltr'>meam</span> <span class='ocrx_word' id='word_1_12' title='bbox 1114 718 1221 803; x_wconf 83' lang='lat' dir='ltr'>dirige,</span> <span class='ocrx_word' id='word_1_13' title='bbox 1407 749 1442 799; x_wconf 78' lang='lat'>30</span> 
     </span>
     <span class='ocr_line' id='line_1_3' title="bbox 464 802 1123 890; baseline 0.006 -25"><span class='ocrx_word' id='word_1_14' title='bbox 464 818 497 866; x_wconf 92' lang='lat' dir='ltr'>vt</span> <span class='ocrx_word' id='word_1_15' title='bbox 519 802 641 866; x_wconf 92' lang='lat' dir='ltr'>nullum</span> <span class='ocrx_word' id='word_1_16' title='bbox 664 805 777 867; x_wconf 88' lang='lat' dir='ltr'>amoris</span> <span class='ocrx_word' id='word_1_17' title='bbox 798 806 995 890; x_wconf 85' lang='lat' dir='ltr'>naufragium</span> <span class='ocrx_word' id='word_1_18' title='bbox 1017 807 1123 888; x_wconf 88' lang='lat' dir='ltr'>patiar.</span> 
     </span>
    </p>

    <p class='ocr_par' dir='ltr' id='par_1_3' title="bbox 463 890 1310 973">
     <span class='ocr_line' id='line_1_4' title="bbox 463 890 1310 973; baseline 0.004 -21"><span class='ocrx_word' id='word_1_19' title='bbox 463 890 560 953; x_wconf 92' lang='lat' dir='ltr'>Nunc</span> <span class='ocrx_word' id='word_1_20' title='bbox 583 891 620 953; x_wconf 90' lang='lat' dir='ltr'>ad</span> <span class='ocrx_word' id='word_1_21' title='bbox 644 890 815 955; x_wconf 90' lang='lat' dir='ltr'>Camillum</span> <span class='ocrx_word' id='word_1_22' title='bbox 839 893 890 954; x_wconf 93' lang='lat' dir='ltr'>ibo</span> <span class='ocrx_word' id='word_1_23' title='bbox 911 894 1048 955; x_wconf 91' lang='lat' dir='ltr'>amicum</span> <span class='ocrx_word' id='word_1_24' title='bbox 1071 893 1148 955; x_wconf 90' lang='lat' dir='ltr'>mihi</span> <span class='ocrx_word' id='word_1_25' title='bbox 1170 893 1310 973; x_wconf 89' lang='lat' dir='ltr'>vnicum,</span> 
     </span>
    </p>

    <p class='ocr_par' dir='ltr' id='par_1_4' title="bbox 463 977 1081 1061">
     <span class='ocr_line' id='line_1_5' title="bbox 463 977 1081 1061; baseline 0.005 -22"><span class='ocrx_word' id='word_1_26' title='bbox 463 978 495 1039; x_wconf 90' lang='lat' dir='ltr'>in</span> <span class='ocrx_word' id='word_1_27' title='bbox 518 999 555 1040; x_wconf 90' lang='lat' dir='ltr'>eo</span> <span class='ocrx_word' id='word_1_28' title='bbox 577 979 678 1040; x_wconf 90' lang='lat' dir='ltr'>omnis</span> <span class='ocrx_word' id='word_1_29' title='bbox 699 1000 766 1060; x_wconf 85' lang='lat' dir='ltr'>spes</span> <span class='ocrx_word' id='word_1_30' title='bbox 788 977 904 1061; x_wconf 86' lang='lat' dir='ltr'>reliqua</span> <span class='ocrx_word' id='word_1_31' title='bbox 926 996 972 1042; x_wconf 90' lang='lat' dir='ltr'>est</span> <span class='ocrx_word' id='word_1_32' title='bbox 994 980 1081 1043; x_wconf 87' lang='lat' dir='ltr'>mihi.</span> 
     </span>
    </p>

    <p class='ocr_par' dir='ltr' id='par_1_5' title="bbox 461 1065 1093 1148">
     <span class='ocr_line' id='line_1_6' title="bbox 461 1065 1093 1148; baseline 0.003 -21"><span class='ocrx_word' id='word_1_33' title='bbox 461 1086 535 1127; x_wconf 91' lang='lat' dir='ltr'>eurn</span> <span class='ocrx_word' id='word_1_34' title='bbox 558 1079 694 1146; x_wconf 88' lang='lat' dir='ltr'>paternae</span> <span class='ocrx_word' id='word_1_35' title='bbox 719 1065 802 1128; x_wconf 91' lang='lat' dir='ltr'>domi</span> <span class='ocrx_word' id='word_1_36' title='bbox 825 1087 914 1148; x_wconf 93' lang='lat' dir='ltr'>spero</span> <span class='ocrx_word' id='word_1_37' title='bbox 937 1067 1093 1147; x_wconf 90' lang='lat' dir='ltr'>invenero,</span> 
     </span>
    </p>

    <p class='ocr_par' dir='ltr' id='par_1_6' title="bbox 460 1150 1437 1322">
     <span class='ocr_line' id='line_1_7' title="bbox 460 1150 1437 1236; baseline 0.003 -23"><span class='ocrx_word' id='word_1_38' title='bbox 460 1173 523 1234; x_wconf 95' lang='lat' dir='ltr'>quo</span> <span class='ocrx_word' id='word_1_39' title='bbox 546 1150 765 1214; x_wconf 84' lang='lat' dir='ltr'>Pantaleonem</span> <span class='ocrx_word' id='word_1_40' title='bbox 788 1153 1003 1236; x_wconf 87' lang='lat' dir='ltr'>pedissequum</span> <span class='ocrx_word' id='word_1_41' title='bbox 1025 1153 1159 1235; x_wconf 84' lang='lat' dir='ltr'>praemisi</span> <span class='ocrx_word' id='word_1_42' title='bbox 1183 1175 1302 1235; x_wconf 90' lang='lat' dir='ltr'>meum,</span> <span class='ocrx_word' id='word_1_43' title='bbox 1405 1183 1437 1233; x_wconf 78' lang='lat'>³5</span> 
     </span>
     <span class='ocr_line' id='line_1_8' title="bbox 461 1236 1226 1322; baseline 0.005 -23"><span class='ocrx_word' id='word_1_44' title='bbox 461 1252 495 1300; x_wconf 93' lang='lat' dir='ltr'>vt</span> <span class='ocrx_word' id='word_1_45' title='bbox 518 1236 561 1301; x_wconf 90' lang='lat' dir='ltr'>illi</span> <span class='ocrx_word' id='word_1_46' title='bbox 584 1240 708 1302; x_wconf 90' lang='lat' dir='ltr'>nuntiet</span> <span class='ocrx_word' id='word_1_47' title='bbox 731 1260 782 1302; x_wconf 92' lang='lat' dir='ltr'>me</span> <span class='ocrx_word' id='word_1_48' title='bbox 805 1239 893 1302; x_wconf 92' lang='lat' dir='ltr'>illum</span> <span class='ocrx_word' id='word_1_49' title='bbox 916 1241 1081 1302; x_wconf 90' lang='lat' dir='ltr'>convenire</span> <span class='ocrx_word' id='word_1_50' title='bbox 1103 1262 1226 1322; x_wconf 85' lang='lat' dir='ltr'>cupere.</span> 
     </span>
    </p>

    <p class='ocr_par' dir='ltr' id='par_1_7' title="bbox 461 1323 1363 1495">
     <span class='ocr_line' id='line_1_9' title="bbox 461 1323 1363 1410; baseline 0.001 -21"><span class='ocrx_word' id='word_1_51' title='bbox 461 1323 519 1389; x_wconf 90' lang='lat' dir='ltr'>Sed</span> <span class='ocrx_word' id='word_1_52' title='bbox 542 1341 695 1407; x_wconf 86' lang='lat' dir='ltr'>oportune</span> <span class='ocrx_word' id='word_1_53' title='bbox 717 1347 827 1388; x_wconf 91' lang='lat' dir='ltr'>eccum</span> <span class='ocrx_word' id='word_1_54' title='bbox 849 1327 984 1407; x_wconf 91' lang='lat' dir='ltr'>advenit,</span> <span class='ocrx_word' id='word_1_55' title='bbox 1007 1341 1100 1410; x_wconf 91' lang='lat' dir='ltr'>atque</span> <span class='ocrx_word' id='word_1_56' title='bbox 1122 1349 1183 1389; x_wconf 92' lang='lat' dir='ltr'>vna</span> <span class='ocrx_word' id='word_1_57' title='bbox 1205 1325 1363 1408; x_wconf 90' lang='lat' dir='ltr'>Pantaleo,</span> 
     </span>
     <span class='ocr_line' id='line_1_10' title="bbox 461 1413 1192 1495; baseline 0.004 -22"><span class='ocrx_word' id='word_1_58' title='bbox 461 1432 581 1495; x_wconf 82' lang='lat' dir='ltr'>nequeo</span> <span class='ocrx_word' id='word_1_59' title='bbox 603 1434 654 1475; x_wconf 90' lang='lat' dir='ltr'>me</span> <span class='ocrx_word' id='word_1_60' title='bbox 677 1413 847 1493; x_wconf 90' lang='lat' dir='ltr'>continere,</span> <span class='ocrx_word' id='word_1_61' title='bbox 869 1413 946 1495; x_wconf 92' lang='lat' dir='ltr'>quin</span> <span class='ocrx_word' id='word_1_62' title='bbox 970 1415 1052 1495; x_wconf 89' lang='lat' dir='ltr'>prius</span> <span class='ocrx_word' id='word_1_63' title='bbox 1073 1414 1192 1477; x_wconf 86' lang='lat' dir='ltr'><strong>adeam.</strong></span> 
     </span>
    </p>
   </div>
   <div class='ocr_carea' id='block_1_3' title="bbox 603 1608 1162 1868">
    <p class='ocr_par' dir='ltr' id='par_1_8' title="bbox 603 1608 1162 1868">
     <span class='ocr_line' id='line_1_11' title="bbox 648 1608 1119 1706; baseline 0.004 -26"><span class='ocrx_word' id='word_1_64' title='bbox 648 1608 762 1681; x_wconf 82' lang='lat' dir='ltr'>ncr.</span> <span class='ocrx_word' id='word_1_65' title='bbox 795 1633 825 1681; x_wconf 86' lang='lat'>1.</span> <span class='ocrx_word' id='word_1_66' title='bbox 879 1609 1046 1682; x_wconf 78' lang='lat' dir='ltr'>scuun</span> <span class='ocrx_word' id='word_1_67' title='bbox 1073 1621 1119 1706; x_wconf 64' lang='grc' dir='ltr'>ς.</span> 
     </span>
     <span class='ocr_line' id='line_1_12' title="bbox 603 1784 1162 1868; baseline 0.002 -20"><span class='ocrx_word' id='word_1_68' title='bbox 603 1784 766 1868; x_wconf 82' lang='lat' dir='ltr'>Eropbilus.</span> <span class='ocrx_word' id='word_1_69' title='bbox 814 1785 966 1849; x_wconf 87' lang='lat' dir='ltr'><em>Camillus.</em></span> <span class='ocrx_word' id='word_1_70' title='bbox 1012 1784 1162 1849; x_wconf 85' lang='lat' dir='ltr'>Pantalio.</span> 
     </span>
    </p>
   </div>
   <div class='ocr_carea' id='block_1_4' title="bbox 322 1922 1432 3571">
    <p class='ocr_par' dir='ltr' id='par_1_9' title="bbox 322 1922 1432 3571">
     <span class='ocr_line' id='line_1_13' title="bbox 328 1922 1113 2004; baseline -0.001 -17"><span class='ocrx_word' id='word_1_71' title='bbox 328 1923 400 1987; x_wconf 85' lang='lat' dir='ltr'>Ero.</span> <span class='ocrx_word' id='word_1_72' title='bbox 460 1922 603 2004; x_wconf 91' lang='lat' dir='ltr'>Camille,</span> <span class='ocrx_word' id='word_1_73' title='bbox 626 1923 716 2003; x_wconf 84' lang='lat' dir='ltr'>salve,</span> <span class='ocrx_word' id='word_1_74' title='bbox 739 1924 812 1986; x_wconf 86' lang='lat' dir='ltr'>vitae</span> <span class='ocrx_word' id='word_1_75' title='bbox 837 1922 1000 1985; x_wconf 92' lang='lat' dir='ltr'>dimidium</span> <span class='ocrx_word' id='word_1_76' title='bbox 1023 1946 1113 1986; x_wconf 83' lang='lat' dir='ltr'>meae.</span> 
     </span>
     <span class='ocr_line' id='line_1_14' title="bbox 329 2007 1385 2093; baseline -0.001 -19"><span class='ocrx_word' id='word_1_77' title='bbox 329 2010 416 2075; x_wconf 86' lang='lat' dir='ltr'>Cam.</span> <span class='ocrx_word' id='word_1_78' title='bbox 460 2010 551 2074; x_wconf 90' lang='lat' dir='ltr'>Tum</span> <span class='ocrx_word' id='word_1_79' title='bbox 575 2026 611 2073; x_wconf 94' lang='lat' dir='ltr'>tu</span> <span class='ocrx_word' id='word_1_80' title='bbox 633 2009 836 2093; x_wconf 88' lang='lat' dir='ltr'>multiplicem</span> <span class='ocrx_word' id='word_1_81' title='bbox 859 2011 955 2072; x_wconf 88' lang='lat' dir='ltr'>vitam</span> <span class='ocrx_word' id='word_1_82' title='bbox 978 2011 1081 2089; x_wconf 76' lang='lat' dir='ltr'>habes,</span> <span class='ocrx_word' id='word_1_83' title='bbox 1104 2009 1267 2073; x_wconf 92' lang='lat' dir='ltr'>dimidium</span> <span class='ocrx_word' id='word_1_84' title='bbox 1289 2007 1385 2091; x_wconf 86' lang='lat' dir='ltr'>Juliae</span> 
     </span>
     <span class='ocr_line' id='line_1_15' title="bbox 459 2095 1153 2181; baseline -0.003 -20"><span class='ocrx_word' id='word_1_85' title='bbox 459 2098 575 2163; x_wconf 91' lang='lat' dir='ltr'>iamdiu</span> <span class='ocrx_word' id='word_1_86' title='bbox 597 2097 717 2178; x_wconf 89' lang='lat' dir='ltr'>dedisti,</span> <span class='ocrx_word' id='word_1_87' title='bbox 741 2097 904 2161; x_wconf 92' lang='lat' dir='ltr'>dimidium</span> <span class='ocrx_word' id='word_1_88' title='bbox 927 2098 989 2180; x_wconf 89' lang='lat' dir='ltr'>ipse</span> <span class='ocrx_word' id='word_1_89' title='bbox 1011 2095 1153 2181; x_wconf 79' lang='lat' dir='ltr'>possides,</span> 
     </span>
     <span class='ocr_line' id='line_1_16' title="bbox 459 2183 1432 2268; baseline 0 -20"><span class='ocrx_word' id='word_1_90' title='bbox 459 2186 553 2249; x_wconf 84' lang='lat' dir='ltr'>donas</span> <span class='ocrx_word' id='word_1_91' title='bbox 569 2185 731 2248; x_wconf 91' lang='lat' dir='ltr'>dimidium</span> <span class='ocrx_word' id='word_1_92' title='bbox 747 2185 834 2248; x_wconf 89' lang='lat' dir='ltr'>mihi.</span> <span class='ocrx_word' id='word_1_93' title='bbox 880 2184 932 2247; x_wconf 91' lang='lat' dir='ltr'>sed</span> <span class='ocrx_word' id='word_1_94' title='bbox 946 2184 1020 2267; x_wconf 93' lang='lat' dir='ltr'>quid</span> <span class='ocrx_word' id='word_1_95' title='bbox 1037 2183 1067 2247; x_wconf 93' lang='lat' dir='ltr'>id</span> <span class='ocrx_word' id='word_1_96' title='bbox 1083 2198 1139 2264; x_wconf 90' lang='lat' dir='ltr'>est,</span> <span class='ocrx_word' id='word_1_97' title='bbox 1154 2184 1237 2268; x_wconf 93' lang='lat' dir='ltr'>quod</span> <span class='ocrx_word' id='word_1_98' title='bbox 1253 2207 1304 2247; x_wconf 89' lang='lat' dir='ltr'>me</span> <span class='ocrx_word' id='word_1_99' title='bbox 1319 2186 1432 2249; x_wconf 86' lang='lat' dir='ltr'>accersi</span> 
     </span>
     <span class='ocr_line' id='line_1_17' title="bbox 327 2270 1432 2355; baseline 0 -19"><span class='ocrx_word' id='word_1_100' title='bbox 327 2272 398 2336; x_wconf 85' lang='lat' dir='ltr'>Ero.</span> <span class='ocrx_word' id='word_1_101' title='bbox 458 2273 555 2336; x_wconf 92' lang='lat' dir='ltr'>Nunc</span> <span class='ocrx_word' id='word_1_102' title='bbox 570 2286 626 2352; x_wconf 88' lang='lat' dir='ltr'>est,</span> <span class='ocrx_word' id='word_1_103' title='bbox 642 2270 785 2351; x_wconf 76' lang='lat' dir='ltr'>camille,</span> <span class='ocrx_word' id='word_1_104' title='bbox 802 2271 851 2333; x_wconf 92' lang='lat' dir='ltr'>vbi</span> <span class='ocrx_word' id='word_1_105' title='bbox 869 2271 946 2334; x_wconf 87' lang='lat' dir='ltr'>vires</span> <span class='ocrx_word' id='word_1_106' title='bbox 960 2271 1114 2352; x_wconf 84' lang='lat' dir='ltr'>experiare</span> <span class='ocrx_word' id='word_1_107' title='bbox 1128 2286 1207 2349; x_wconf 88' lang='lat' dir='ltr'>tuas,</span> <span class='ocrx_word' id='word_1_108' title='bbox 1271 2272 1392 2355; x_wconf 75' lang='lat' dir='ltr'>[iubesi</span> <span class='ocrx_word' id='word_1_109' title='bbox 1416 2300 1432 2350; x_wconf 78' lang='lat'><strong>5</strong></span> 
     </span>
     <span class='ocr_line' id='line_1_18' title="bbox 457 2357 1319 2444; baseline -0.001 -21"><span class='ocrx_word' id='word_1_110' title='bbox 457 2374 488 2423; x_wconf 91' lang='lat' dir='ltr'>et</span> <span class='ocrx_word' id='word_1_111' title='bbox 510 2360 579 2444; x_wconf 91' lang='lat' dir='ltr'>quis</span> <span class='ocrx_word' id='word_1_112' title='bbox 600 2360 647 2440; x_wconf 87' lang='lat' dir='ltr'>sis,</span> <span class='ocrx_word' id='word_1_113' title='bbox 670 2359 738 2442; x_wconf 92' lang='lat' dir='ltr'>quis</span> <span class='ocrx_word' id='word_1_114' title='bbox 761 2359 865 2437; x_wconf 90' lang='lat' dir='ltr'>fueris,</span> <span class='ocrx_word' id='word_1_115' title='bbox 887 2358 955 2441; x_wconf 92' lang='lat' dir='ltr'>quis</span> <span class='ocrx_word' id='word_1_116' title='bbox 978 2358 1099 2421; x_wconf 90' lang='lat' dir='ltr'>futurus</span> <span class='ocrx_word' id='word_1_117' title='bbox 1120 2358 1171 2437; x_wconf 87' lang='lat' dir='ltr'>sis,</span> <span class='ocrx_word' id='word_1_118' title='bbox 1195 2357 1319 2422; x_wconf 88' lang='lat' dir='ltr'>indices.</span> 
     </span>
     <span class='ocr_line' id='line_1_19' title="bbox 328 2445 1022 2529; baseline -0.003 -20"><span class='ocrx_word' id='word_1_119' title='bbox 328 2445 414 2510; x_wconf 88' lang='lat' dir='ltr'>Cam.</span> <span class='ocrx_word' id='word_1_120' title='bbox 461 2445 514 2510; x_wconf 89' lang='lat' dir='ltr'>Bis</span> <span class='ocrx_word' id='word_1_121' title='bbox 536 2460 688 2526; x_wconf 85' lang='lat' dir='ltr'>exoratur,</span> <span class='ocrx_word' id='word_1_122' title='bbox 709 2445 762 2529; x_wconf 92' lang='lat' dir='ltr'>qui</span> <span class='ocrx_word' id='word_1_123' title='bbox 785 2460 929 2507; x_wconf 87' lang='lat' dir='ltr'>exoratur</span> <span class='ocrx_word' id='word_1_124' title='bbox 949 2445 1022 2507; x_wconf 91' lang='lat' dir='ltr'>cito.</span> 
     </span>
     <span class='ocr_line' id='line_1_20' title="bbox 456 2531 1063 2617; baseline -0.002 -22"><span class='ocrx_word' id='word_1_125' title='bbox 456 2531 555 2617; x_wconf 85' lang='lat' dir='ltr'>siquid</span> <span class='ocrx_word' id='word_1_126' title='bbox 578 2554 648 2595; x_wconf 89' lang='lat' dir='ltr'>mea</span> <span class='ocrx_word' id='word_1_127' title='bbox 669 2554 716 2594; x_wconf 87' lang='lat' dir='ltr'>ars</span> <span class='ocrx_word' id='word_1_128' title='bbox 739 2532 794 2594; x_wconf 93' lang='lat' dir='ltr'>tibi</span> <span class='ocrx_word' id='word_1_129' title='bbox 818 2531 911 2614; x_wconf 77' lang='lat' dir='ltr'>possit</span> <span class='ocrx_word' id='word_1_130' title='bbox 932 2531 1063 2611; x_wconf 87' lang='lat' dir='ltr'>efficere,</span> 
     </span>
     <span class='ocr_line' id='line_1_21' title="bbox 457 2616 1147 2702; baseline -0.004 -20"><span class='ocrx_word' id='word_1_131' title='bbox 457 2620 574 2702; x_wconf 85' lang='lat' dir='ltr'>impera</span> <span class='ocrx_word' id='word_1_132' title='bbox 595 2634 627 2682; x_wconf 90' lang='lat' dir='ltr'>et</span> <span class='ocrx_word' id='word_1_133' title='bbox 651 2619 779 2701; x_wconf 90' lang='lat' dir='ltr'>impetra</span> <span class='ocrx_word' id='word_1_134' title='bbox 801 2617 883 2700; x_wconf 89' lang='lat' dir='ltr'>apud</span> <span class='ocrx_word' id='word_1_135' title='bbox 904 2640 966 2699; x_wconf 85' lang='lat' dir='ltr'>me,</span> <span class='ocrx_word' id='word_1_136' title='bbox 989 2616 1147 2700; x_wconf 89' lang='lat' dir='ltr'>Erophile.</span> 
     </span>
     <span class='ocr_line' id='line_1_22' title="bbox 456 2705 1134 2790; baseline -0.003 -22"><span class='ocrx_word' id='word_1_137' title='bbox 456 2706 544 2790; x_wconf 93' lang='lat' dir='ltr'>proin</span> <span class='ocrx_word' id='word_1_138' title='bbox 567 2720 601 2770; x_wconf 93' lang='lat' dir='ltr'>tu</span> <span class='ocrx_word' id='word_1_139' title='bbox 624 2727 732 2769; x_wconf 86' lang='lat' dir='ltr'>omnes</span> <span class='ocrx_word' id='word_1_140' title='bbox 754 2706 827 2768; x_wconf 93' lang='lat' dir='ltr'>hinc</span> <span class='ocrx_word' id='word_1_141' title='bbox 850 2705 993 2788; x_wconf 84' lang='lat' dir='ltr'>ambages</span> <span class='ocrx_word' id='word_1_142' title='bbox 1014 2726 1134 2785; x_wconf 90' lang='lat' dir='ltr'>amove,</span> 
     </span>
     <span class='ocr_line' id='line_1_23' title="bbox 456 2790 1049 2877; baseline -0.005 -20"><span class='ocrx_word' id='word_1_143' title='bbox 456 2809 488 2857; x_wconf 93' lang='lat' dir='ltr'>et</span> <span class='ocrx_word' id='word_1_144' title='bbox 510 2792 584 2877; x_wconf 91' lang='lat' dir='ltr'>quid</span> <span class='ocrx_word' id='word_1_145' title='bbox 607 2814 658 2855; x_wconf 91' lang='lat' dir='ltr'>me</span> <span class='ocrx_word' id='word_1_146' title='bbox 679 2791 753 2854; x_wconf 90' lang='lat' dir='ltr'>velis</span> <span class='ocrx_word' id='word_1_147' title='bbox 777 2791 908 2854; x_wconf 90' lang='lat' dir='ltr'>breviter</span> <span class='ocrx_word' id='word_1_148' title='bbox 929 2790 1049 2874; x_wconf 87' lang='lat' dir='ltr'>expedi.</span> 
     </span>
     <span class='ocr_line' id='line_1_24' title="bbox 325 2877 1282 2963; baseline -0.003 -18"><span class='ocrx_word' id='word_1_149' title='bbox 325 2879 437 2945; x_wconf 85' lang='lat' dir='ltr'>Ponto.</span> <span class='ocrx_word' id='word_1_150' title='bbox 458 2880 580 2943; x_wconf 87' lang='lat' dir='ltr'>Herum</span> <span class='ocrx_word' id='word_1_151' title='bbox 602 2877 676 2963; x_wconf 91' lang='lat' dir='ltr'>quid</span> <span class='ocrx_word' id='word_1_152' title='bbox 699 2893 840 2961; x_wconf 87' lang='lat' dir='ltr'>torqueat</span> <span class='ocrx_word' id='word_1_153' title='bbox 862 2878 954 2941; x_wconf 91' lang='lat' dir='ltr'>nimis</span> <span class='ocrx_word' id='word_1_154' title='bbox 974 2879 1067 2960; x_wconf 90' lang='lat' dir='ltr'>cupio</span> <span class='ocrx_word' id='word_1_155' title='bbox 1088 2900 1282 2962; x_wconf 84' lang='lat' dir='ltr'>cognoscere.</span> 
     </span>
     <span class='ocr_line' id='line_1_25' title="bbox 325 2963 1121 3048; baseline -0.004 -17"><span class='ocrx_word' id='word_1_156' title='bbox 325 2965 396 3031; x_wconf 86' lang='lat' dir='ltr'>Ero.</span> <span class='ocrx_word' id='word_1_157' title='bbox 457 2965 636 3048; x_wconf 88' lang='lat' dir='ltr'>Alphonsus</span> <span class='ocrx_word' id='word_1_158' title='bbox 656 2965 718 3028; x_wconf 91' lang='lat' dir='ltr'>suis</span> <span class='ocrx_word' id='word_1_159' title='bbox 739 2986 790 3027; x_wconf 92' lang='lat' dir='ltr'>me</span> <span class='ocrx_word' id='word_1_160' title='bbox 813 2963 971 3028; x_wconf 91' lang='lat' dir='ltr'>interdixit</span> <span class='ocrx_word' id='word_1_161' title='bbox 994 2963 1121 3028; x_wconf 83' lang='lat' dir='ltr'>aedibus.</span> 
     </span>
     <span class='ocr_line' id='line_1_26' title="bbox 325 3050 867 3137; baseline -0.007 -19"><span class='ocrx_word' id='word_1_162' title='bbox 325 3054 413 3119; x_wconf 84' lang='lat' dir='ltr'>Cam.</span> <span class='ocrx_word' id='word_1_163' title='bbox 460 3054 545 3116; x_wconf 91' lang='lat' dir='ltr'>Hem</span> <span class='ocrx_word' id='word_1_164' title='bbox 567 3050 661 3137; x_wconf 77' lang='lat' dir='ltr'>quid?</span> <span class='ocrx_word' id='word_1_165' title='bbox 688 3050 867 3115; x_wconf 82' lang='lat' dir='ltr'>interdixit?</span> 
     </span>
     <span class='ocr_line' id='line_1_27' title="bbox 323 3136 1164 3220; baseline -0.002 -16"><span class='ocrx_word' id='word_1_166' title='bbox 323 3139 394 3205; x_wconf 83' lang='lat' dir='ltr'>Ero.</span> <span class='ocrx_word' id='word_1_167' title='bbox 868 3138 997 3220; x_wconf 87' lang='lat' dir='ltr'>factum,</span> <span class='ocrx_word' id='word_1_168' title='bbox 1020 3136 1164 3203; x_wconf 90' lang='lat' dir='ltr'>Camille.</span> 
     </span>
     <span class='ocr_line' id='line_1_28' title="bbox 325 3223 673 3311; baseline -0.009 -20"><span class='ocrx_word' id='word_1_169' title='bbox 325 3227 412 3292; x_wconf 84' lang='lat' dir='ltr'>Cam.</span> <span class='ocrx_word' id='word_1_170' title='bbox 458 3226 534 3301; x_wconf 89' lang='lat' dir='ltr'>Qua</span> <span class='ocrx_word' id='word_1_171' title='bbox 555 3223 673 3311; x_wconf 80' lang='lat' dir='ltr'>gratia?</span> 
     </span>
     <span class='ocr_line' id='line_1_29' title="bbox 323 3311 1427 3396; baseline 0.002 -18"><span class='ocrx_word' id='word_1_172' title='bbox 323 3313 394 3379; x_wconf 85' lang='lat' dir='ltr'>Ero.</span> <span class='ocrx_word' id='word_1_173' title='bbox 700 3311 929 3396; x_wconf 88' lang='lat' dir='ltr'>colloquentem</span> <span class='ocrx_word' id='word_1_174' title='bbox 951 3333 1003 3375; x_wconf 90' lang='lat' dir='ltr'>me</span> <span class='ocrx_word' id='word_1_175' title='bbox 1025 3311 1101 3375; x_wconf 90' lang='lat' dir='ltr'>vidit</span> <span class='ocrx_word' id='word_1_176' title='bbox 1123 3334 1197 3375; x_wconf 88' lang='lat' dir='ltr'>curn</span> <span class='ocrx_word' id='word_1_177' title='bbox 1218 3312 1312 3396; x_wconf 82' lang='lat' dir='ltr'>Julia</span> <span class='ocrx_word' id='word_1_178' title='bbox 1397 3342 1427 3393; x_wconf 84' lang='lat'>¹5</span> 
     </span>
     <span class='ocr_line' id='line_1_30' title="bbox 324 3397 1253 3485; baseline -0.003 -20"><span class='ocrx_word' id='word_1_179' title='bbox 324 3401 411 3465; x_wconf 84' lang='lat' dir='ltr'>Com.</span> <span class='ocrx_word' id='word_1_180' title='bbox 454 3399 686 3485; x_wconf 89' lang='lat' dir='ltr'>colloquentem</span> <span class='ocrx_word' id='word_1_181' title='bbox 708 3421 782 3462; x_wconf 91' lang='lat' dir='ltr'>cum</span> <span class='ocrx_word' id='word_1_182' title='bbox 804 3397 910 3483; x_wconf 85' lang='lat' dir='ltr'>Juliai</span> <span class='ocrx_word' id='word_1_183' title='bbox 939 3397 1014 3482; x_wconf 91' lang='lat' dir='ltr'>quid</span> <span class='ocrx_word' id='word_1_184' title='bbox 1036 3413 1106 3461; x_wconf 93' lang='lat' dir='ltr'>tum</span> <span class='ocrx_word' id='word_1_185' title='bbox 1129 3400 1253 3481; x_wconf 80' lang='lat' dir='ltr'>postea?</span> 
     </span>
     <span class='ocr_line' id='line_1_31' title="bbox 322 3484 1175 3571; baseline -0.002 -20"><span class='ocrx_word' id='word_1_186' title='bbox 322 3485 394 3553; x_wconf 84' lang='lat' dir='ltr'>Ero.</span> <span class='ocrx_word' id='word_1_187' title='bbox 454 3485 505 3551; x_wconf 86' lang='lat' dir='ltr'>Sic</span> <span class='ocrx_word' id='word_1_188' title='bbox 526 3502 583 3570; x_wconf 87' lang='lat' dir='ltr'>est,</span> <span class='ocrx_word' id='word_1_189' title='bbox 605 3502 638 3550; x_wconf 89' lang='lat' dir='ltr'>vt</span> <span class='ocrx_word' id='word_1_190' title='bbox 660 3486 758 3566; x_wconf 88' lang='lat' dir='ltr'>audis,</span> <span class='ocrx_word' id='word_1_191' title='bbox 781 3485 859 3549; x_wconf 90' lang='lat' dir='ltr'>nihil</span> <span class='ocrx_word' id='word_1_192' title='bbox 881 3486 1012 3571; x_wconf 83' lang='lat' dir='ltr'>cognovi</span> <span class='ocrx_word' id='word_1_193' title='bbox 1034 3484 1175 3568; x_wconf 88' lang='lat' dir='ltr'>amplius.</span> 
     </span>
    </p>
   </div>
   <div class='ocr_carea' id='block_1_5' title="bbox 0 0 1684 4225">
    <p class='ocr_par' dir='ltr' id='par_1_10' title="bbox 0 0 1684 4225">
     <span class='ocr_line' id='line_1_32' title="bbox 0 0 1684 4225; baseline 0 5"><span class='ocrx_word' id='word_1_194' title='bbox 0 0 1684 4225; x_wconf 95' lang='lat' dir='ltr'> </span> 
     </span>
    </p>
   </div>
  </div>
 </body>
</html>
