3359 4225
282 540 367 603 Aer.
384 559 415 624 2,
431 539 479 605 Sc.
496 542 544 626 3⁸]
659 531 1008 609 HYMENAEUS
1339 555 1388 636 23

286 724 355 814 Jul.
419 728 500 801 Quis
524 726 574 790 ille
596 741 642 789 est
663 748 758 810 quem
780 727 921 790 videmus
942 725 1058 810 prope?

416 830 502 877 estne
517 814 641 877 obsecro
658 812 866 897 Pantomagus
882 813 1041 877 medicus?
1064 815 1088 877 is
1102 828 1157 894 est,
1170 815 1208 878 ad
1224 836 1279 877 nos
1293 815 1389 878 venit.

420 900 542 965 Duram
566 899 642 963 mihi
665 903 878 963 necessitatem
901 902 1033 983 imponit
1055 917 1151 984 pater,

416 1003 449 1051 vt
471 989 536 1052 eius
558 988 634 1050 mihi
657 1010 778 1069 semper
801 989 934 1050 ferendae
956 1004 1028 1051 sunt
1052 988 1186 1070 ineptiae,
1360 1018 1391 1066 30

417 1077 467 1137 cui
491 1075 637 1138 adversari
661 1074 762 1156 palam
785 1097 850 1137 non
872 1076 980 1138 audeo·

286 1161 392 1226 Panto.
414 1161 535 1227 Salveto
557 1161 703 1243 multum,
726 1163 887 1224 Amerina.

288 1249 354 1313 Got.
898 1250 972 1333 quid
996 1249 1117 1312 fecisti?

287 1335 393 1399 Panto.
417 1336 486 1401 Scio
509 1335 583 1420 quid
607 1335 696 1416 facio,
720 1350 828 1398 notato
851 1358 922 1419 quae
946 1351 1125 1420 sequuntur.

416 1423 463 1485 At
485 1437 521 1485 tu
543 1422 723 1505 plurimum,
744 1422 838 1506 Julia,
862 1424 916 1484 tibi
939 1422 1050 1485 salutes
1072 1424 1190 1504 VenuS,

418 1508 532 1591 Diana,
555 1508 662 1590 Pallas,
685 1525 715 1572 et
738 1525 799 1572 tres
821 1511 952 1572 mittunt
975 1510 1092 1596 gratiae.

417 1596 672 1659 Animadvertisti
696 1595 793 1659 illud?

288 1683 354 1747 Got.
813 1705 908 1766 quam
931 1682 1118 1767 magnifice!

416 1792 480 1832 non
504 1768 587 1833 Paris
611 1770 702 1833 credo
725 1771 882 1833 venustius
906 1770 1070 1833 Helenam.

287 1855 360 1945 Jul.
421 1856 509 1931 Quas
532 1857 608 1919 mihi
632 1856 742 1920 salutes
765 1857 825 1937 das,
849 1880 899 1920 eas
921 1859 1014 1920 reddo
1037 1860 1102 1921 tibi.

288 1945 355 2009 Gor.
421 1943 538 2008 Salutes
561 1943 603 2006 illi
626 1966 694 2006 suas
717 1944 825 2025 reddit,
849 1966 897 2007 eas
919 1944 1006 2006 nihili
1031 1946 1165 2008 aestimat
1188 1946 1326 2027 pessima.

285 2032 353 2094 Fre.
417 2030 558 2093 Videone
580 2030 721 2115 Juliam?
751 2030 823 2093 tolle
846 2030 927 2092 dona
948 2047 979 2094 et
1001 2054 1128 2115 sequere
1152 2053 1212 2093 me.
1360 2062 1393 2109 40

287 2117 357 2207 Jul.
419 2118 600 2181 Frederieus
621 2119 715 2181 etiam
736 2141 799 2180 vna
820 2119 915 2199 adest,

415 2227 434 2268 0
455 2221 630 2268 amatorum
653 2227 706 2286 par
728 2205 981 2286 pulcherrimum.

287 2291 396 2356 Panto.
418 2292 506 2355 Haec
533 2291 622 2354 illum
649 2291 738 2373 ludit,
769 2289 916 2372 Gothrio‚
946 2308 1116 2355 amatorem
1147 2292 1392 2375 pulcherrimum

288 2380 355 2443 Got.
417 2377 472 2442 Pol
496 2395 578 2442 recte
601 2379 688 2460 dixti,
711 2378 788 2440 nihil
811 2395 856 2442 est
878 2402 915 2441 eo
937 2379 1114 2443 deformius.
1279 2380 1393 2464 [vocat.

285 2467 350 2530 Leo.
418 2467 593 2549 Aggredere
616 2465 701 2528 illam
722 2466 877 2547 audacter,
901 2466 1025 2530 fortuna
1047 2468 1129 2530 favet
1152 2468 1291 2530 fortibus.
1361 2495 1392 2545 45

286 2554 354 2616 Fre.
416 2551 484 2616 Ibo.

287 2640 394 2704 Panto.
497 2654 533 2702 tu
555 2661 595 2702 ne
616 2640 695 2702 absis
718 2638 849 2723 longius,

417 2748 457 2788 ne
479 2725 572 2788 vllam
596 2727 647 2788 hic
670 2727 793 2789 insanus
815 2727 939 2788 turbam
962 2727 1086 2790 excitet.

289 2814 355 2877 Gor.
417 2812 505 2885 Quid
527 2812 725 2876 meticulosus
747 2811 800 2876 es?
829 2835 924 2896 apage
946 2836 1041 2876 nemo
1063 2830 1108 2877 est
1130 2815 1283 2877 omnium.

287 2901 355 2964 Fre.
418 2899 465 2963 Vt
487 2915 592 2964 tecum
615 2914 659 2963 est
681 2922 777 2981 nune,
800 2922 876 2985 myn
900 2899 997 2964 mall?
1363 2931 1395 2983 49

287 2987 394 3052 Panto.
422 2985 548 3069 Semper
577 2987 628 3050 hic
657 2987 758 3050 asinus
781 2989 840 3050 hoc
871 2987 962 3050 habet
988 2988 1185 3070 principium,
1208 2988 1396 3071 “quomodo

418 3073 540 3137 Vitiosa
560 3090 633 3137 sunt
655 3076 725 3136 haec
747 3075 928 3136 communia
949 3075 1084 3156 exordia,
1250 3073 1395 3157 [vales?''

419 3182 477 3246 ego
499 3160 582 3223 illam
605 3160 665 3223 alio
687 3183 774 3242 spero
796 3160 953 3244 aggrediar
976 3161 1079 3224 modo.

421 3247 454 3313 O
477 3270 572 3331 quam
594 3247 696 3310 mollis
717 3263 748 3310 et
770 3249 852 3310 succi
876 3246 967 3329 plena
989 3269 1109 3329 manus,

421 3334 520 3398 multa
542 3335 574 3397 in
597 3336 655 3397 hac
677 3357 741 3396 non
764 3334 948 3417 negligenda
969 3334 1069 3396 video.

291 3423 358 3486 Got.
422 3421 595 3501 Quaenam,
618 3423 701 3500 here,
724 3420 873 3484 obsecro?

288 3508 396 3572 Panto.
420 3506 519 3572 Linea
541 3507 663 3571 Saturni
687 3507 803 3571 collum
827 3507 965 3591 designat
987 3507 1106 3571 eburni.
