3359 4225
323 530 375 610 26
701 532 1052 611 HYMENAEUS
1166 542 1264 627 [Aer.
1281 558 1312 621 2,
1328 540 1376 605 Sc.
1394 546 1429 624 3⁵

321 725 427 789 Panto.
781 725 856 809 Jam
879 749 985 790 eamus
1007 728 1099 808 intro,
1121 726 1214 809 Julia.

320 812 385 876 Leo.
451 812 523 876 Imo
545 835 637 876 mane
659 815 794 878 obsecro.
840 815 908 876 haec
929 815 1025 876 animi
1047 814 1093 876 sui
1116 836 1206 877 causa

451 900 593 983 quaedam
614 900 682 964 vult
704 901 833 983 proponi
858 901 1033 983 aenigmata.

319 986 427 1050 Panto.
451 987 663 1074 Aenigmata?
708 987 797 1052 Deus
819 989 910 1069 bone,
933 987 1041 1070 placet.

321 1073 386 1137 Leo.
451 1073 535 1138 Esne
558 1074 717 1138 medicus?

321 1159 428 1224 Panto.
748 1163 824 1226 Sum
847 1176 880 1225 vt
903 1162 1037 1247 ingenue
1060 1161 1164 1225 fatear.

322 1248 389 1311 Gor.
448 1247 520 1311 Imo
541 1271 614 1311 sane
636 1275 732 1332 εμπει
756 1275 835 1330 mos,
858 1246 1140 1333 ἑμπειρικότατος,

449 1336 522 1399 artis
544 1335 697 1418 praeclarae
721 1276 852 1399 dedecus
872 1352 904 1398 et
926 1336 1062 1398 infamia.

320 1420 386 1484 Leo.
448 1423 518 1508 Age
541 1445 592 1485 me
614 1424 723 1504 aspice,
747 1439 864 1506 aegroto
886 1438 917 1484 et
939 1421 1036 1504 valeo,

451 1510 513 1570 iam
537 1510 585 1572 dic
607 1531 702 1592 quem
725 1511 870 1572 morbum
894 1510 1001 1572 babeo.

319 1594 426 1658 Panto.
450 1594 555 1657 Potest
577 1595 686 1679 aliquis
707 1611 856 1682 aegrotare
877 1611 910 1658 et
932 1595 1031 1660 valere
1054 1594 1208 1659 facillime.

319 1681 385 1745 Leo.
448 1680 642 1756 Quomodo?

318 1768 425 1832 Panto.
667 1768 805 1833 Diversis
828 1770 1028 1851 temporibus,

450 1856 502 1918 sed
524 1878 581 1942 ego
603 1858 666 1919 scio
688 1857 762 1940 quid
785 1872 841 1936 est,
865 1872 910 1920 est
933 1856 1052 1919 cholica
1073 1856 1181 1944 passio.

450 1943 535 2006 Nam
559 1965 631 2006 cum
655 1945 740 2006 nervi
763 1945 904 2027 optici-

319 2029 385 2092 Leo.
886 2052 949 2115 quo
971 2051 1056 2092 nunc
1078 2029 1166 2094 abis?

320 2116 426 2181 Panto.
451 2117 520 2202 Ego
543 2119 647 2181 redibo
670 2140 743 2182 cum
766 2134 821 2182 tuo
844 2119 1001 2181 dedecore.

320 2205 388 2267 Fre.
448 2206 610 2287 Ausculta,
633 2205 727 2290 Julia,
750 2228 837 2268 meus
860 2205 974 2269 nebulo
997 2205 1089 2267 habet
1112 2203 1284 2289 ingenium.

319 2290 385 2354 Leo.
451 2293 524 2376 Jam
546 2295 662 2371 errasti,
686 2291 886 2376 Pantomage,
910 2293 1021 2354 iterum
1043 2293 1201 2377 conijcito.

450 2379 589 2462 Aegroto
612 2395 643 2442 et
664 2378 762 2459 valeo,
786 2380 834 2442 dic
856 2401 950 2462 quem
974 2380 1119 2442 morbum
1141 2379 1249 2443 babeo.

319 2464 425 2529 Panto.
449 2466 545 2535 facilis
566 2482 611 2529 est
633 2465 755 2548 solutio,
778 2467 924 2537 morbum
948 2467 1040 2529 habes
1062 2465 1280 2548 pedicularem,
1380 2497 1428 2547 130

451 2554 543 2616 habes
564 2554 647 2637 quod
670 2554 817 2616 meruisti.
863 2554 925 2615 iam
948 2575 999 2615 me
1021 2552 1106 2616 ludat
1127 2554 1181 2636 qui
1205 2553 1345 2616 voluerit.

320 2637 390 2790 {ab
452 2639 586 2721 Aedipol
609 2639 651 2702 illi
676 2641 855 2722 respondisti
879 2641 982 2721 probe.

349 2741 426 2790 anto.
450 2727 480 2790 si
503 2727 558 2789 tibi
581 2728 749 2810 quicquam
772 2727 887 2809 placeo,
911 2728 987 2789 mihi
1011 2726 1116 2808 placeo
1138 2727 1284 2791 maxime.

323 2814 390 2877 Got.
451 2813 545 2895 Here,
568 2814 607 2875 da
629 2814 705 2875 mibi
730 2812 890 2896 paululum
913 2815 1022 2877 veniae.
1383 2847 1430 2898 134

322 2900 429 2964 Panto.
454 2899 599 2964 Dabitur.

604 2986 689 3049 Hem
711 2986 827 3050 solutor
850 2988 1066 3071 aenigmatum,
1251 2990 1430 3075 [profundo,

452 3075 527 3158 quid
554 3089 599 3137 est
624 3073 708 3157 quod
735 3074 839 3137 fremit
869 3075 902 3136 in
933 3075 1062 3156 mundo,
1089 3075 1173 3158 quod
1199 3076 1343 3158 deprimit
1368 3078 1431 3143 alta

453 3162 537 3245 quod
560 3160 640 3224 mala
662 3163 800 3243 rimatur,
823 3161 906 3245 quod
929 3162 1053 3244 cuspide
1075 3177 1188 3226 cuncta
1210 3164 1369 3228 minatur?

381 3297 389 3311 .
452 3248 522 3332 Ego
543 3249 616 3330 scio,
639 3248 818 3331 auscultate,
843 3264 888 3312 est
911 3249 1014 3311 herilis
1035 3249 1164 3333 gladius.

384 3384 392 3400 .
453 3335 560 3408 Quam
583 3333 694 3399 acute!

726 3424 776 3503 ah,
800 3420 972 3505 Leonarde,
995 3423 1113 3485 domini
1135 3424 1241 3487 similis
1263 3447 1307 3506 es,

454 3523 582 3593 vterque
604 3509 714 3572 bardus
736 3525 781 3572 est
805 3511 917 3593 [tuque
940 3511 985 3592 et]
1009 3511 1101 3573 herus
1122 3511 1186 3593 ipse
1208 3527 1289 3576 tuus.
1386 3545 1434 3594 140
