3359 4225
285 508 370 572 Aer.
386 525 418 592 5,
434 509 483 574 Sc.
501 507 550 594 3⁸]
666 498 1016 578 HYMENAEUS
1342 519 1395 600 59

287 692 356 757 Fer.
390 704 392 709 '
419 694 524 759 Certe.

287 779 404 845 Panto.
543 782 669 866 Aquam
692 803 845 845 rosaceam
868 781 1053 863 epotandam
1076 777 1225 861 Erophilo
1362 804 1398 857 70

418 868 532 932 dedisse
553 891 585 932 se
607 869 700 932 modo
722 868 875 931 fatebatur
896 868 989 952 Julia.

287 952 377 1038 ΑΙρΙ).
989 952 1068 1016 Non
1092 975 1181 1038 nego.

287 1040 400 1106 Panto.
417 1041 477 1105 Me
499 1065 603 1124 eneca,
626 1044 683 1106 nisi
706 1042 818 1105 medici
840 1063 952 1124 aquam
976 1040 1019 1103 illi
1042 1042 1174 1103 insciens
1196 1037 1323 1119 dederit,

417 1151 510 1212 quam
534 1129 584 1192 ille
606 1131 750 1212 epotavit,
773 1145 804 1191 et
828 1130 907 1191 visus
928 1143 973 1190 est
995 1142 1145 1190 mortuus.

287 1213 375 1298 Alph.
418 1214 562 1280 Profecto
584 1238 657 1279 cum
679 1238 804 1279 mecum
827 1237 893 1278 rem
916 1215 1013 1299 magis
1035 1215 1192 1297 magisque
1214 1212 1384 1291 considero,

416 1301 532 1385 aliquid
554 1302 684 1383 videtur,
707 1303 788 1386 quod
812 1304 863 1364 hic
885 1302 959 1364 dicit
982 1299 1138 1364 Pantaleo.
1361 1325 1394 1376 75

417 1389 469 1452 sed
491 1390 691 1473 egrediuntur
713 1391 800 1453 foras.

230 1556 234 1561 .
287 1474 355 1563 Ju.
816 1476 931 1538 Retine
953 1497 1003 1537 me
1025 1476 1161 1538 obsecro.

286 1561 375 1646 Alph.
416 1562 472 1649 Dij
497 1563 695 1645 immortales,
718 1564 793 1646 quid
816 1564 891 1625 istoc
913 1584 976 1625 esse
998 1560 1132 1645 putem?

416 1649 578 1732 Amerina,
601 1651 651 1713 vbi
675 1649 725 1713 illa
748 1649 874 1712 tandem
895 1671 975 1732 aqua
996 1665 1052 1730 est,

416 1759 511 1820 quam
533 1739 588 1799 tibi
611 1737 820 1800 asservandam
845 1734 1052 1819 Pantomagus
1073 1734 1178 1797 dedit?

287 1822 369 1888 Ame.
420 1823 514 1903 Here,
538 1825 650 1887 nescio.

287 1909 375 1993 Alph.
651 1912 727 1993 quin
751 1926 782 1972 te
803 1933 911 1973 verum
935 1909 1021 1971 fateri
1044 1908 1120 1970 mihi
1143 1906 1224 1970 volo.
1358 1924 1395 1973 80

287 1994 368 2061 Ame.
418 1997 498 2061 Eam
521 1998 553 2059 in
576 1997 713 2060 conclavi
735 1996 828 2079 Juliae
852 1999 884 2060 in
909 1997 1041 2059 fenestra
1062 1995 1192 2077 reposui,

418 2085 498 2148 inter
519 2085 614 2148 varias
636 2084 750 2166 phialas
772 2106 852 2168 aqua
874 2083 978 2168 plenas
1000 2103 1130 2162 rosacea,

416 2194 453 2235 ea
473 2169 537 2235 sola
559 2194 651 2234 mane
673 2186 791 2254 reperta
812 2188 857 2235 est
880 2193 985 2251 vacua,

416 2280 510 2342 quam
533 2258 623 2320 credo
645 2274 780 2340 epotasse
801 2257 997 2341 Erophilum.

288 2344 379 2430 Alph.
421 2344 510 2418 Quin
534 2345 667 2426 phialam
690 2347 770 2408 hanc
793 2347 856 2409 cito
878 2343 962 2425 effer,
984 2360 1018 2407 vt
1040 2343 1170 2407 videam.
1359 2359 1394 2421 ⁸5

287 2431 399 2496 Panto.
419 2429 524 2496 Salvus
550 2454 590 2511 es,
615 2433 695 2495 here.

288 2518 355 2583 Fer.
704 2519 928 2602 propemodum
951 2534 984 2581 vt
1004 2539 1102 2600 spero.

287 2604 394 2670 Panto.
418 2605 517 2688 Atqui
541 2627 604 2668 non
628 2621 726 2688 potest
750 2608 818 2685 hoc,
842 2606 1013 2689 Alphonse,
1037 2603 1114 2685 fieri,

416 2692 512 2754 vitam
534 2693 619 2754 enim
642 2708 672 2755 et
694 2715 818 2755 sensum
840 2692 1017 2775 perdidisset
1039 2690 1130 2755 illico.

286 2777 400 2841 Panta.
418 2777 460 2841 Et
483 2778 622 2860 perdidit.
667 2794 728 2842 tres
750 2780 834 2841 enim
858 2778 947 2842 illum
970 2800 1024 2860 pro
1046 2794 1170 2841 mortuo
1192 2777 1371 2859 extulimus,

418 2863 595 2946 pallentem,
619 2867 781 2951 rigentem,
804 2888 868 2928 non
892 2868 1066 2928 trahentem
1087 2865 1240 2947 spiritum,
1357 2894 1394 2946 90

418 2952 494 3014 nihil
517 2953 714 3033 sentientem,
737 2968 769 3016 et
791 2967 894 3015 totum
917 2951 1073 3036 frigidum.

417 3038 492 3121 quid
514 3039 590 3101 istoc
612 3040 747 3119 obsecro,
770 3039 899 3119 medice,
923 3039 1015 3102 morti
1040 3039 1186 3103 interest?

287 3125 393 3189 Ponto.
417 3124 505 3198 Quid
528 3126 653 3188 interest
676 3124 784 3210 rogas?
813 3141 967 3209 quantum
989 3125 1084 3189 stulto
1106 3125 1289 3211 intelligens.

287 3212 370 3276 Duu.
416 3211 511 3274 Viam
534 3234 590 3275 nos
611 3234 698 3294 spero
719 3214 862 3295 reperisse
884 3233 987 3294 prope,

417 3320 488 3382 quae
510 3314 541 3361 te
563 3300 649 3361 omni
673 3301 780 3362 mortis
801 3298 937 3381 periculo
959 3298 1077 3361 liberet.
1361 3329 1396 3381 95

286 3386 357 3450 Ero.
414 3383 576 3468 Quicquid
598 3386 723 3448 fortuna
745 3387 831 3466 feret,
855 3402 888 3448 vt
910 3386 1023 3448 fortem
1046 3385 1152 3448 deceat
1174 3385 1282 3450 feram.

418 3470 495 3535 nihil
518 3493 668 3555 magnum
691 3472 786 3553 ducit,
808 3473 862 3556 qui
885 3474 981 3535 vitam
1003 3473 1086 3555 parvi
1111 3473 1195 3536 facit.
