3359 4225
323 522 378 599 40
708 499 1057 579 HYMENAEUS
1172 510 1272 595 [Aer.
1287 530 1321 593 4,
1336 509 1387 575 Sc.
1401 516 1434 573 ι·

452 717 578 779 corpore
600 711 744 759 strenuus
765 696 934 777 animoque
957 696 1043 759 ferox
1065 696 1135 778 fuit,

453 805 513 846 nec
535 782 629 846 vllam
653 783 714 866 pati
738 781 885 845 didicerat
908 782 1061 847 iniuriam.

452 892 510 957 ego
534 869 622 933 illum
645 869 751 932 multis
774 868 951 932 confodiam
973 869 1160 951 vulneribus,

453 973 486 1020 vt
508 979 582 1020 eum
606 957 772 1040 pugnando
793 977 903 1018 omnes
925 957 1062 1020 occisum
1085 971 1206 1039 putent.

390 1090 398 1107 .
454 1045 616 1123 Amerina,
639 1064 818 1127 quanquam
841 1043 901 1106 hoc
923 1042 1088 1106 consilium
1110 1043 1195 1125 vtile,

453 1153 518 1193 non
542 1130 642 1213 placet
665 1146 781 1211 tamen,
805 1150 864 1192 nec
886 1128 963 1192 adeo
985 1130 1063 1193 ferre
1084 1131 1172 1194 valeo

454 1218 625 1281 formosum
648 1239 758 1298 corpus
779 1215 941 1279 deformari
965 1216 1152 1281 vulneribus.

398 1351 406 1367 .
452 1305 504 1368 sed
520 1302 699 1368 faciundum
720 1318 776 1384 est,
793 1304 875 1365 hera.
912 1302 985 1386 quid
1007 1320 1131 1368 mortuo
1149 1319 1264 1369 nocent
1280 1304 1432 1370 vulnera?

454 1413 617 1475 nunquam
639 1406 671 1453 te
693 1406 762 1453 tuto
784 1389 921 1472 alioquin
944 1391 1095 1473 expedies.

386 1525 393 1541 .
451 1477 538 1552 Quid
561 1492 676 1558 actura,
700 1476 874 1540 Amerina?
903 1499 966 1539 non
990 1477 1089 1559 placet
1112 1478 1188 1542 istoc
1210 1480 1298 1541 mihi.

453 1565 570 1628 adeone
593 1565 657 1628 sera
679 1565 758 1627 istuc
779 1580 813 1626 vt
836 1564 936 1627 facere
957 1564 1072 1647 queas?

397 1699 405 1717 .
452 1651 539 1726 Quid
563 1652 656 1734 igitur
678 1650 792 1714 restat?
822 1652 898 1733 quin
920 1652 1029 1714 cistam
1052 1674 1125 1715 ecce
1146 1674 1287 1735 vacuam,

453 1760 524 1822 quae
548 1754 620 1801 ante
643 1739 723 1801 aedes
745 1738 908 1800 commode
931 1753 1008 1802 astat
1030 1738 1134 1826 Lucij.

452 1827 485 1889 in
509 1828 588 1888 hanc
612 1825 835 1908 imponendum
859 1824 958 1906 illum,
982 1827 1064 1907 hera,
1087 1848 1207 1890 censeo.

322 1912 434 1979 Panto.
452 1912 535 1993 Heu,
558 1914 642 1991 here,
665 1912 732 1994 quis
755 1925 787 1975 te
809 1933 896 1974 casus
918 1913 1041 1994 iniquus
1062 1912 1208 1977 sustulit?

324 1998 396 2088 Jul.
450 1999 487 2065 Id
510 1998 622 2082 aedipol
644 2000 737 2061 nimis
759 2013 878 2081 stupeo,
901 1995 1058 2081 Pantaleo,

452 2109 511 2152 nec
532 2087 610 2151 adeo
630 2088 799 2170 quicquam
821 2086 965 2168 suspicari
988 2108 1080 2170 queo,

452 2176 510 2238 nisi
534 2175 697 2238 fascinatus
720 2175 798 2236 forte
821 2174 953 2255 perierit.

454 2261 566 2336 Quum
589 2262 621 2324 in
644 2260 789 2324 conclave
812 2262 964 2347 ingressus
985 2277 1031 2324 est
1053 2262 1157 2343 modo,

453 2347 529 2411 nihil
551 2350 746 2431 querebatur,
769 2363 800 2410 et
822 2348 893 2410 satis
914 2348 1059 2430 equidem
1081 2348 1188 2432 valuit,

357 2440 362 2452 ’
454 2450 579 2518 repente
602 2456 673 2498 eum
697 2432 809 2497 defecit
831 2434 966 2516 spiritus,

452 2538 483 2586 et
505 2543 614 2585 omnes
636 2544 688 2604 per
710 2537 793 2585 artus
815 2521 942 2604 frigidus
963 2521 1055 2585 sudor
1076 2537 1195 2603 manat,

453 2624 590 2672 mutatus
611 2607 705 2689 color,
728 2607 840 2688 vultus,
864 2622 984 2671 mutata
1007 2611 1112 2672 omnia

451 2697 565 2780 frigent
587 2710 619 2757 et
641 2696 752 2780 rigent,
775 2695 852 2758 nihil
875 2698 1004 2780 cognovi
1028 2695 1167 2778 amplius.

321 2782 433 2847 Panto.
450 2781 509 2846 Me
532 2783 677 2845 miserum
701 2783 773 2863 iam,
795 2782 872 2865 quid
894 2783 994 2846 facere
1015 2783 1189 2865 occipiam?

451 2869 568 2932 vicinos
591 2870 743 2932 invocabo
765 2884 798 2931 vt
821 2891 886 2932 rem
910 2868 968 2932 illis
991 2869 1148 2952 aperiam?

452 2955 527 3040 quid
549 2954 706 3037 proderit?
735 2970 805 3018 tum
827 2977 886 3038 ego
907 2959 1048 3020 conscius
1069 2958 1161 3021 caedis
1183 2955 1267 3022 fiam.

452 3043 527 3127 quid
549 3057 580 3106 te
603 3043 663 3104 iarn
686 3040 750 3124 fiet,
774 3040 945 3106 Pantaleo?

319 3128 390 3220 Jul.
444 3132 520 3194 Non
543 3150 666 3212 possum
688 3128 864 3192 vlteriorem
887 3127 981 3192 fidem
1004 3146 1147 3211 praestare
1169 3131 1329 3216 Erophilo,

449 3232 482 3282 te
502 3217 575 3300 quia
597 3215 639 3278 illi
662 3216 760 3280 fidum
783 3218 866 3297 novi,
890 3214 1046 3298 Pantaloo,
1069 3219 1132 3298 diu,

450 3325 510 3368 nec
533 3304 594 3366 iam
617 3304 696 3367 forte
720 3305 812 3367 habes
832 3324 896 3386 quo
918 3319 950 3367 te
971 3304 1121 3385 conferas,

449 3393 510 3455 hoc
532 3412 551 3455 a
573 3411 623 3454 me
646 3413 731 3473 cape,
753 3405 787 3453 vt
809 3392 847 3453 ab
871 3392 945 3454 hero
967 3413 1081 3454 munus
1104 3407 1170 3475 tuo,

450 3478 580 3541 etmihi
604 3478 673 3540 vide
696 3492 845 3541 secretam
868 3492 994 3559 praestes
1017 3476 1121 3543 fidem.
